1982 3256
281 222 362 264 264
897 221 1157 266 Epigrammata
1181 222 1400 267 sepulcralia.

304 334 344 376 b.
462 330 614 388 Νηλὴς
645 325 679 371 ὦ
708 328 916 386 θάνατος,
946 331 1063 375 πολὺ
1093 329 1146 389 δὴ
1178 330 1313 389 μέ[γ]’
1347 328 1553 391 ἃκαίριος
1584 331 1718 391 ἥκεις·
1858 352 1875 379 ι

362 400 395 442 Ρ
452 399 559 454 χρῆν
590 396 673 453 γὰρ
704 396 773 439 ἐπ’
806 394 1059 442 ιῦδείνεσσιν
1089 396 1202 452 ἒῇςειν
1228 399 1336 457 χέρα
1368 400 1442 442 καὶ
1471 397 1560 443 τότ’
1594 397 1791 459 ὀλέσσαι,
1850 419 1874 445 ο

367 467 381 508 i
459 465 532 505 νῦν
562 463 610 506 δὲ
639 463 751 516 μετὰ
781 464 1032 519 πτολέμους
1060 467 1255 523 κρυερῶν
1274 482 1321 508 τε
1342 464 1608 523 λαφύγματα
1629 465 1796 512 νούσων
1854 487 1876 512 ν

360 549 383 575 0
461 529 724 586 λευγαλέους
751 547 798 573 τε
829 528 999 586 φόβους
1029 533 1107 578 καὶ,
1134 530 1421 590 θυμοβόρους
1449 531 1700 587 μελεδώνας
1860 553 1877 580 ι

281 601 330 642 15
359 615 388 641 n
459 596 533 638 καὶ
564 594 690 647 δίκας
720 594 998 654 ἇμφιλόγους
1026 598 1198 657 ῥεικνὸν
1228 599 1304 642 καὶ
1335 597 1496 643 κώδιον
1528 595 1661 653 ἄξεις,
1851 620 1874 645 ο

366 667 379 708 i
454 663 625 720 λυπρὴν
656 664 786 707 δαῖτα
816 662 1014 721 Χάρωνι·
1045 666 1152 709 νέων
1182 667 1218 709 δ’
1252 663 1396 724 ἔμπης
1425 668 1667 724 πεφίδησο.
1851 686 1876 714 υ

374 789 416 815 1v
442 778 522 816 fere
554 778 694 816 saeculi
721 779 800 816 duo
828 778 1117 829 epigrammata,
1146 791 1309 830 quorum
1346 781 1486 830 prioris
1513 781 1669 821 litterae
1696 794 1798 832 Εῑκ,
1835 784 1893 822 al-

275 841 391 878 terius
420 851 519 879 εεω
548 846 647 877 sunt.
684 840 846 878 Pionius
874 854 1014 879 nomen
1041 842 1090 879 ad
1116 842 1240 880 latera
1266 843 1370 880 tituli
1387 843 1448 881 bis
1464 844 1587 882 latine
1605 837 1740 895 bissque
1757 859 1893 897 graece

274 904 456 953 seriptum
491 908 626 952 poetae
661 903 812 940 videtur
845 915 939 942 esse.
961 927 1011 931 —
1044 906 1131 942 1-3
1161 905 1380 943 Alexander
1415 911 1481 942 aut
1515 907 1672 944 omnino
1699 920 1777 946 non
1803 904 1892 947 iniit

272 965 540 1015 magistratum
581 969 646 1000 aut
686 966 823 1002 acerba
863 970 1047 1015 expertus
1087 980 1179 1005 mox
1220 968 1269 1005 ad
1310 967 1506 1017 privatam
1533 968 1655 1006 vitam
1687 969 1814 1009 rediit.
1842 993 1892 998 —

274 1028 297 1064 4
323 1027 448 1077 suppl.
486 1026 738 1064 Boissonade.
774 1050 823 1055 —
859 1028 882 1066 9
915 1040 971 1077 sq.
1007 1020 1109 1067 τόκον
1142 1021 1306 1081 τριτττῖος
1341 1028 1382 1078 ἐξ
1416 1027 1530 1078 αὐτῆς
1565 1030 1734 1080 explicat
1767 1031 1894 1070 Franz

267 1091 412 1140 prolem
449 1089 565 1126 tribus
601 1090 788 1139 fratribus
828 1097 1049 1128 constantem
1089 1098 1179 1129 natu
1211 1092 1344 1129 seilicet
1376 1092 1576 1130 minoribus
1589 1122 1599 1140 ‚
1634 1105 1711 1143 qua
1745 1094 1895 1132 ratione

272 1144 338 1200 ἤδη
372 1164 450 1189 non
479 1152 704 1201 explicatur.
739 1144 864 1201 τέκος,
908 1159 947 1190 ut
980 1154 1090 1192 docet
1126 1153 1154 1191 οῖ
1187 1167 1419 1204 pronomen,
1461 1154 1648 1194 Paulinae
1680 1161 1740 1195 est
1772 1156 1893 1204 filiae3

275 1215 341 1252 sed
368 1215 503 1253 dubito
541 1215 734 1264 quomodo
771 1207 914 1266 τριττύν
942 1216 1140 1265 explicem.
1193 1217 1276 1254 Aut
1302 1216 1493 1266 triplicem
1520 1221 1675 1267 partum
1701 1218 1727 1256 i.
1755 1231 1786 1257 e.
1814 1222 1894 1257 tres

276 1277 375 1315 filios
404 1277 638 1328 singnificat‚
667 1283 733 1315 aut
759 1278 847 1316 hoc:
877 1281 1000 1316 tertius
1026 1281 1103 1328 ipse
1127 1280 1202 1316 dies
1223 1285 1286 1327 est,
1315 1291 1394 1317 cum
1405 1279 1526 1328 filium
1538 1287 1691 1328 pareret
1709 1280 1889 1327 Paulina,

274 1351 353 1389 quo
391 1345 548 1389 sumpto
580 1340 785 1378 relativum
822 1338 855 1378 οἵ
884 1341 937 1390 (v.
969 1341 1033 1390 10)
1067 1341 1117 1379 ad
1154 1341 1317 1379 filiolum
1351 1353 1472 1391 aeque
1501 1345 1617 1391 atque
1649 1343 1700 1382 ad
1731 1348 1894 1381 matrem

275 1405 504 1452 patremque
540 1403 780 1441 referendum
817 1403 899 1441 erit.
932 1426 982 1431 —
1021 1405 1061 1440 11
1098 1415 1166 1441 ult-:1
1201 1419 1262 1455 μοι
1302 1404 1520 1442 scribebant
1560 1417 1610 1443 ex
1652 1405 1894 1444 Boissonadii

278 1464 515 1512 coniectura3
545 1465 673 1514 aptius
703 1470 760 1503 est
779 1466 882 1515 quod
909 1466 1032 1516 posui,
1059 1479 1183 1516 neque
1209 1470 1304 1516 puto
1333 1459 1424 1504 πολτ)
1447 1459 1488 1516 δὴ
1517 1465 1619 1519 μέγα
1637 1466 1725 1517 plus
1749 1466 1893 1506 habere

277 1527 502 1564 offensionis
531 1539 647 1576 quam
674 1528 909 1566 homericum
937 1522 1045 1579 μάλα,
1073 1527 1186 1579 μέγα.
1217 1550 1263 1557 —
1290 1529 1519 1579 Increpatur
1544 1541 1666 1568 mors:
1697 1531 1788 1579 quid
1811 1542 1894 1568 sera

274 1590 375 1626 venis
409 1595 499 1637 post
523 1591 726 1628 eoeantlatos
754 1593 849 1628 vitae
874 1591 1038 1636 labores;
1076 1604 1120 1629 ne
1152 1593 1258 1629 nasci
1291 1593 1435 1640 quidem
1456 1593 1542 1640 pati
1566 1586 1623 1629 ivel
1647 1588 1770 1630 statim
1795 1595 1894 1630 natis

273 1663 387 1688 manu
422 1653 552 1689 iniecta
591 1654 702 1689 vitam
736 1653 895 1690 adimere
930 1653 1093 1692 debebas.
1136 1653 1337 1692 Sententia
1364 1659 1422 1691 est
1447 1652 1662 1704 Sophoclea
1692 1654 1782 1694 Oed.
1813 1654 1892 1694 Col.

278 1712 374 1752 1225
393 1713 525 1751 -1238
560 1713 672 1752 Dind.
709 1736 759 1741 —
796 1716 841 1753 15
882 1715 958 1764 legi
998 1729 1067 1765 ego
1101 1726 1386 1764 κωΔιΑΝΑΞειε,
1428 1716 1544 1754 ceteri
1583 1706 1708 1755 κώδιον
1747 1729 1892 1766 omnes,

278 1788 441 1824 quorum
469 1776 669 1814 consensui
697 1789 822 1814 meam
855 1778 968 1815 fidem
995 1778 1238 1829 interponere
1265 1777 1448 1818 dubita'vi.
1502 1779 1688 1830 Explicat
1713 1779 1893 1818 Welcker

275 1830 385 1887 ῥικνδν
418 1832 479 1875 καὶ
513 1832 639 1877 κώδιον
676 1852 849 1889 ruyosum
881 1841 1088 1877 marcidum
1119 1847 1151 1878 et
1190 1843 1385 1889 emmaum,
1427 1844 1535 1891 quasi
1566 1842 1727 1891 pellem.»
1767 1841 1894 1880 Decet

275 1898 421 1939 humile
457 1899 528 1939 hoc
554 1904 594 1940 et
620 1905 732 1952 turpe
757 1902 910 1941 iocandi
937 1914 1057 1952 genus
1084 1901 1194 1941 illam
1228 1916 1344 1953 quam
1372 1916 1491 1956 supra
1516 1904 1683 1945 indicavi
1709 1910 1888 1945 aetatem.

276 2151 410 2192 *648
465 2154 626 2193 Romae.
682 2154 725 2194 O.
754 2155 783 2193 Ι.
813 2155 924 2194 6235.

473 2233 606 2291 Ἱερὸς
636 2253 767 2288 ουτος
797 2235 819 2280 ὃ
849 2240 1005 2294 χῶρος,
1036 2231 1086 2280 δν
1117 2235 1305 2291 Αἰνείας
1335 2238 1599 2299 αγανόφρων

479 2301 629 2345 εἳ’σαθ’
662 2301 738 2347 ἑοῦ
768 2302 946 2362 ἓιάροιο
979 2304 1221 2360 σεβάσμιον
1247 2304 1468 2359 Ἠιθέοιο,

480 2367 624 2411 πάντα
656 2372 1019 2427 παλαιγενέεσσιν
1049 2371 1251 2430 ἅλιγκίου
1281 2372 1509 2432 ἡρώεσσιν,

480 2433 644 2486 κάλλος
671 2438 707 2478 τ’
740 2434 925 2495 ἠνορέην
954 2441 990 2480 τ’
1023 2436 1386 2500 ἆγανοφροσύνην
1415 2459 1462 2485 τε
1492 2439 1592 2485 νόον
1623 2459 1684 2486 τε.
1717 2470 1771 2476 -

306 2502 331 2543 5
488 2501 651 2545 ἐνθάδε
682 2503 718 2545 δ’
749 2503 949 2562 ἑ[νναί]ει
979 2507 1056 2549 καὶ
1080 2503 1344 2562 Ὀλυμπιάς,
1378 2506 1642 2568 ειμερόεσσα

473 2564 679 2612 Ἠιθέοιο
711 2568 857 2629 δάμαρ
889 2571 964 2615 καὶ
994 2568 1189 2632 ἀδελφεὴ
1220 2572 1428 2626 Αἰνείαο,

479 2652 505 2688 η
539 2634 688 2687 πάσας
719 2635 997 2697 παράμ[ιψε]
1031 2638 1300 2697 φιλάνδρους
1330 2639 1534 2700 ἦρωίνας,

467 2695 704 2759 ’Ἀλκηστιν
735 2706 906 2763 πινυτῇ,
937 2709 1093 2765 μορφῆ
1124 2708 1160 2750 δ’
1193 2707 1451 2767 ἐρατιόπιδα
1476 2707 1650 2768 Λήδην.
1680 2737 1732 2743 —

307 2769 332 2808 9
479 2770 595 2810 τοῦτ’
627 2768 796 2824 ἐτύμως
824 2774 952 2830 νῆσοι
982 2770 1195 2832 μακάρων
1225 2777 1382 2828 πέδον,
1408 2774 1518 2823 ἔνθα
1547 2793 1594 2820 τε
1625 2778 1771 2836 φῶτες
