1982 3256
736 254 782 292 II.
805 255 1006 291 Insularnm
1030 259 1068 292 et
1091 256 1208 294 Asiae.
1743 258 1796 301 75

432 365 704 422 νοσφισθεὶς
734 366 905 418 κλαίεις
931 363 1179 426 χηροσύνην
1210 364 1442 424 θαλάμων.

177 486 278 534 15ἀ,
322 487 465 531 Τοῦτο
497 486 811 547 σαοφροσύνας
841 490 974 549 γέρας
995 487 1176 535 Ἀτθίδι
1204 495 1280 535 ταῖ
1310 488 1623 536 πολυκλαύτωι

425 552 506 599 οὐκ
536 553 648 613 ἴσον,
680 553 785 602 οὐδὲ
815 554 979 616 ἇρετᾶς
1008 553 1149 616 ἄξιον,
1183 555 1278 602 ἀλλ’
1309 559 1482 614 ἑθέμαν

255 660 259 664 .
320 619 502 678 μνιίμαν
532 621 598 675 εἰς
628 621 771 667 αἰῶνα
802 622 1078 682 φερώνυμον,
1110 622 1245 677 αὐτὸς
1275 623 1465 685 ἀνάγκαι

426 692 562 743 Θεῖος
591 690 813 750 νηηιάχωι
846 695 1020 748 πνεῦμα
1048 691 1355 751 χαριζόμενος·

332 755 445 803 οἴσω
475 758 560 815 γὰρ
590 758 669 803 καὶ
697 762 830 804 τοῦτο
859 759 989 816 χάριν
1019 760 1096 805 σέο
1128 763 1205 804 καὶ
1233 761 1310 804 τὸν
1339 758 1492 821 ἀπηνῆ

169 829 227 872 20
425 820 596 882 ὄμμασι
627 830 724 879 τοῖς
751 831 954 886 στυγνοῖς
984 822 1164 885 ὄψομαι
1194 825 1360 887 ἠέλιον.

259 953 275 980 1
301 956 337 982 a.
373 941 465 982 Chr.
499 942 728 981 nesaeculo
763 956 838 982 non
873 943 1072 994 antiquior
1103 944 1239 982 titulus
1273 957 1363 984 rara
1390 945 1556 995 quadam
1585 946 1792 985 verborum

154 1005 526 1056 compositionisque
560 1011 643 1045 arte
674 1006 918 1057 conspicuus.
981 1006 1155 1057 Vtraque
1188 1008 1290 1045 enim
1324 1008 1501 1047 binorum
1536 1009 1793 1048 distichorum

156 1068 322 1120 stropha
346 1068 483 1118 ionice,
517 1074 679 1120 utraque
712 1073 911 1108 ternorum
945 1069 1075 1108 dorice
1102 1070 1250 1121 scripta
1276 1075 1349 1120 est,
1376 1071 1451 1109 nisi
1481 1072 1585 1122 quod
1612 1085 1648 1110 v·
1678 1073 1701 1110 6
1730 1071 1792 1110 εὐ-

152 1121 335 1184 φροσύνης
357 1127 400 1169 ‘et
431 1144 469 1170 v.
489 1131 541 1170 20
573 1130 688 1182 ἠέλιον
722 1132 914 1183 lapidario
947 1146 1086 1184 parum
1119 1133 1278 1172 curioso
1313 1133 1472 1172 excidit:
1515 1135 1790 1174 sententiarum

154 1198 286 1232 tmen
321 1205 439 1244 quam
473 1195 606 1234 dicunt
632 1195 871 1247 strophicam
896 1196 1192 1245 responsionem
1219 1196 1366 1235 frustra
1392 1209 1570 1247 quaeres.
1625 1197 1791 1237 Numeri

151 1255 366 1296 admodum
399 1256 557 1307 celeres,
591 1270 754 1308 quorum
790 1258 824 1297 si
850 1259 1006 1311 quando
1033 1258 1336 1309 penthemimere
1368 1258 1575 1309 impeditur
1612 1260 1794 1299 volubili-

153 1324 236 1368 tas,
275 1325 552 1370 compensatur
590 1321 687 1359 haec
726 1333 838 1359 mora
870 1321 1044 1360 bucolica
1080 1333 1258 1368 caesura3
1301 1334 1401 1372 quae
1433 1322 1520 1372 ipsa
1553 1322 1676 1360 sicubi
1710 1322 1792 1361 fere

153 1381 397 1421 desideratur
435 1382 491 1433 (v.
514 1383 600 1435 13),
641 1383 826 1423 inciditur
865 1378 966 1423 και-οὶ
1003 1378 1118 1436 τρίτον
1158 1383 1335 1436 τροχαῖον.
1398 1383 1510 1433 Quae
1549 1389 1640 1423 sunt
1671 1385 1791 1424 etiam

153 1443 291 1484 Bionis
322 1444 566 1497 aliorumque
598 1447 821 1497 aequalium
857 1453 1060 1497 poetarum
1093 1447 1198 1498 leges
1235 1447 1430 1486 metricae.
1459 1469 1507 1476 —
1537 1447 1560 1485 2
1589 1458 1789 1486 oport-:mhi

152 1507 316 1547 correxi.
370 1507 502 1548 Verbo
545 1509 721 1563 προτερεῖν
761 1510 953 1548 neminem
994 1510 1087 1548 novi
1127 1510 1194 1559 qui
1234 1510 1310 1549 hoc
1349 1510 1570 1562 significatu
1610 1523 1705 1549 usus
1741 1511 1794 1549 sit

153 1570 573 1623 praeter·Dionysium
599 1572 986 1612 Halicarnassensem
1014 1571 1243 1612 Cnidiorum
1270 1573 1487 1613 finitimum.
1515 1596 1566 1602 —
1596 1574 1620 1612 5
1639 1585 1791 1612 ZHZAZA

153 1638 200 1672 ut
225 1645 343 1685 saepe
368 1633 450 1674 illic
476 1641 677 1675 terrarum.
697 1658 747 1665 —-
770 1636 817 1674 18
843 1636 1001 1687 gravius
1028 1648 1107 1673 non
1134 1635 1214 1674 vidi
1239 1635 1321 1675 fato
1341 1648 1512 1686 unquam
1537 1636 1789 1687 opprobrium

153 1695 311 1736 sactum.
335 1718 383 1726 -
401 1696 455 1737 22
479 1697 646 1748 στυγνοῒς
670 1693 823 1752 ὄμμασι
849 1700 989 1737 miseris
1008 1698 1142 1747 oculis,
1172 1698 1270 1737 sicut
1298 1711 1418 1750 supra
1444 1712 1481 1738 n.
1503 1699 1574 1738 149
1603 1693 1635 1737 αἳ
1653 1692 1788 1752 μητρός

156 1761 348 1812 crumenis·

39 1924 88 2002 ‘J
153 1943 258 1987 ωε.
310 1945 376 1986 Aa
402 1945 732 1989 Halicarnassum.
785 1947 974 1988 wascher
1000 1949 1091 1989 Rev.
1117 1949 1280 1989 ανοιιάοι.
1310 1949 1410 1989 1846
1437 1950 1475 1988 11
1507 1950 1581 1988 134

633 2052 821 2112 Μύρτον
842 2051 1074 2111 Εὐβούλου
1103 2055 1302 2107 Μυνδία,

799 2122 968 2181 χρηστὴ
995 2126 1139 2181 χαῖρε.

325 2189 502 2246 Πατρὶς
528 2189 609 2245 μὲν
641 2187 837 2242 ΠΙύνδος,
868 2190 1057 2248 γενέτωρ
1088 2190 1138 2235 δέ
1165 2206 1250 2245 μευ
1280 2187 1428 2234 ἔπλετ’
1453 2187 1623 2248 Ἰάσων,

443 2259 630 2315 στοργᾶι
659 2258 697 2301 δ’
718 2255 952 2313 Εὐβούλου
981 2255 1123 2316 κούρα
1153 2254 1486 2316 ἆνεγραφόμαν·

322 2324 478 2369 τέκνον
507 2325 545 2368 δ’
569 2321 895 2383 ἀρτιγάλακτον
918 2321 1093 2369 Ἰάσονα
1123 2325 1261 2382 ματρὶ
1291 2325 1490 2370 λιποῦσα

438 2391 554 2446 ζωᾶς
582 2390 830 2450 ἐστερόμαν
859 2392 1245 2447 ἔννεακαιδεχέτιςῂ

211 2461 237 2503 5
324 2455 513 2502 αἱακτὰν
542 2460 592 2504 δὲ
623 2458 828 2518 θύγατρα
860 2458 1206 2518 κατεστενάχησε
1237 2460 1457 2518 Στρατεία

438 2521 513 2571 οἷά
543 2543 611 2579 τις
640 2525 815 2571 εἰναλία
846 2523 1060 2584 δάκρυσιν
1089 2523 1309 2579 ἇλκυονίς.

325 2587 510 2638 τοῗῗνεκα
538 2594 619 2639 τὰν
649 2593 761 2638 κατὰ
792 2596 873 2651 γᾶς
904 2588 1100 2653 Μύρτον,
1134 2593 1265 2647 ξένοι,
1298 2589 1568 2654 αιίδήσανιες

434 2660 607 2720 χαίρειν
635 2660 715 2705 τάν
745 2658 882 2706 αὐτὰν
912 2657 1203 2717 ἆντινέμεσθε
1230 2657 1370 2721 χάριν.

258 2788 290 2816 11
326 2777 406 2817 fere
439 2790 475 2818 a.
505 2777 596 2817 Chr.
628 2791 668 2816 n.
703 2789 803 2816 saec.
830 2799 880 2805 ——
909 2776 932 2814 2
960 2776 1116 2828 Myrton
1148 2777 1197 2815 ab
1225 2777 1383 2816 Eubulo
1417 2778 1604 2829 adoptata
1631 2778 1783 2817 caelebs

154 2843 311 2889 partum
337 2839 503 2880 edidisse
529 2840 693 2880 videtur.
714 2862 764 2868 —
785 2840 809 2878 6
829 2839 889 2891 egi
916 2839 964 2878 de
989 2838 1062 2878 hoc
1088 2853 1201 2879 versu
1231 2840 1427 2879 Comment.
1456 2841 1649 2880 Bonnam.
1679 2853 1718 2891 p.
1734 2840 1783 2878 26

155 2899 270 2943 Adde
298 2902 482 2957 [Moschi]
511 2903 567 2945 111
602 2904 652 2944 40
688 2896 854 2950 ἀλκυονὶς
887 2899 920 2942 δ’
940 2900 979 2943 οὐ
1014 2894 1146 2943 τέο-σον
1181 2902 1257 2955 (sic
1289 2903 1492 2958 legendum
1527 2916 1610 2944 esse
1646 2903 1783 2944 docent
