1982 3256
254 238 333 280 116
821 233 1082 278 Epigrammata
1105 232 1324 278 sepulcralia.

352 343 479 388 ἑπτὰ
509 344 586 387 ἐπὶ
616 337 897 400 ἑβδομήκοντ’
930 338 1071 385 ἔτεσιν
1098 342 1174 385 καὶ
1202 339 1323 392 ἰ’σαις
1352 337 1428 384 ἐπὶ
1455 336 1651 395 βύβλοις·

788 411 892 450 linea
918 422 1032 450 erasa

364 478 615 535 συνέγραψε
646 477 695 521 δὲ
737 475 891 533 βιβλία
935 474 1115 534 ἰατρικὰ
1157 475 1237 530 μὲν
1271 480 1345 530 οβ,
1404 473 1610 534 ιστορικὰ
1657 473 1708 518 δὲ
1755 472 1861 530 περὶ

362 542 565 602 Ζμύρνης
594 550 676 600 αβ,
717 546 822 610 πε-ρὶ
850 547 931 602 τῆς
954 539 1162 601 (Ομήρου
1191 542 1356 600 σοφίας
1385 560 1427 593 α,
1466 545 1541 586 καὶ
1571 540 1789 599 πατρίδος
1818 557 1860 593 α,

356 608 510 662 Ἀσίας
540 611 724 655 κτίσεων
752 605 822 666 α-β,
844 607 1064 669 Εὐρώπης
1092 609 1278 653 κτίσεων
1295 613 1419 668 αβγδ,
1450 624 1683 665 vroowva,
1710 603 1864 659 Ἀσίας

358 678 652 759 ‘ooeadtaomb‘v
695 682 738 730 ἃ,
786 678 862 721 καὶ
886 675 1100 736 Εὐρώπης
1139 681 1182 734 α,
1226 675 1571 736 στρατηγμάτων
1615 678 1687 731 αβ,
1730 674 1866 726 πίναξ

358 742 593 798 (Ρωμαίων
622 744 698 788 καὶ
728 744 1003 802 Ζμυρναίων,
1035 745 1219 799 διαδοχν
1250 744 1362 787 κατὰ
1389 741 1586 801 χρόνους.

352 856 463 896 Nihil
496 859 646 910 aegrius
681 859 826 897 factum
860 872 978 910 quam
1011 859 1115 910 quod
1147 859 1313 898 hominis
1339 864 1418 896 tam
1451 857 1556 896 docti
1587 860 1744 906 tamque
1775 854 1864 895 dili-

252 921 376 971 gentis
415 933 464 957 ne
498 925 663 960 aetatem
699 922 854 972 quidem
889 922 985 960 scire
1017 933 1234 972 possumus.
1294 920 1470 958 Litterae
1502 919 1692 970 vulgares,
1724 917 1863 968 quibus

251 982 414 1031 scriptus
441 986 502 1020 est
526 983 674 1030 titulus,
702 983 820 1022 etiam
846 984 896 1021 ad
923 983 1054 1023 Severi
1082 990 1259 1034 tempora
1284 983 1324 1020 in
1351 995 1423 1021 usu
1449 982 1603 1020 fuerunt
1630 979 1863 1031 Smyrnaeis,

253 1044 295 1083 C.
330 1044 360 1083 I.
398 1045 509 1084 3178.
564 1045 825 1096 Hermogenes
859 1045 1027 1083 medicos
1060 1045 1191 1096 plures
1222 1045 1414 1093 novimus,
1448 1044 1564 1082 etiam
1591 1042 1865 1082 Charidemum

252 1119 386 1144 unum:
415 1110 623 1156 utrqunme
649 1120 787 1146 nomen
814 1108 853 1145 in
880 1107 948 1145 illa
973 1107 1067 1145 urbe
1091 1108 1372 1146 creberrimum.
1409 1107 1547 1145 Altero
1564 1109 1695 1145 tamen
1713 1117 1752 1155 p.
1771 1103 1862 1143 chr.

251 1181 288 1205 n.
317 1168 468 1206 saeculo
495 1170 561 1207 vix
588 1170 722 1208 titulus
756 1170 943 1208 recentior
967 1173 1037 1207 est.
1063 1191 1112 1198 —
1142 1170 1164 1207 3
1198 1169 1368 1219 argutius
1402 1168 1560 1208 Boeckh
1583 1178 1723 1206 Lxxvn
1743 1165 1864 1205 libros

251 1230 532 1281 Hermogenem
561 1232 761 1282 scripsisse
786 1236 894 1270 ratus
921 1232 1078 1282 corrigit
1104 1241 1168 1269 02.

251 1394 360 1453 306.
414 1414 602 1466 Smyrnae
629 1422 812 1466 protome.
867 1416 909 1456 C.
936 1416 965 1456 Ι.
995 1416 1106 1456 3283.

421 1496 572 1555 Ἰητὴρ
600 1496 816 1551 μεθόδου,
847 1496 1087 1550 Ἀσιατικέ,
1120 1495 1366 1554 προστάτα,
1397 1500 1537 1555 χαῖρε,

420 1563 566 1607 πολλὰ
595 1563 675 1617 μὲν
704 1563 848 1607 ἐσθλὰ
877 1565 1041 1607 παθὼν
1069 1564 1218 1622 φρεσί,
1248 1563 1398 1608 πολλὰ
1428 1564 1477 1607 δὲ
1506 1560 1659 1622 λυγρά.

577 1633 642 1671 M.
678 1628 856 1682 Μόδιος
883 1627 1136 1682 Ἀσιατικός

634 1694 786 1754 ἰατρὸς
814 1695 1074 1753 μεθοδικάς.

353 1810 595 1860 Disciplinae
634 1809 872 1850 methodicae
926 1815 1133 1850 sectatores
1173 1823 1204 1850 11
1244 1810 1396 1850 saeculo
1434 1810 1604 1850 Soranus
1643 1815 1682 1848 et
1714 1809 1869 1850 Caelius

254 1872 484 1910 Aurelianus
511 1876 622 1911 erant
629 1887 640 1920 3
675 1873 845 1911 eiusdem
878 1873 957 1911 fere
992 1874 1129 1911 aetatis
1156 1874 1364 1912 Asiaticus.
1392 1895 1442 1901 -
1471 1875 1491 1911 1
1522 1865 1683 1925 μεθόδου
1711 1863 1869 1925 προσταί-

254 1949 316 1984 της
352 1935 378 1972 i.
414 1948 445 1972 e.
488 1935 770 1973 methodioorum
802 1938 989 1985 princeps.
1043 1935 1226 1974 Welcker
1259 1935 1352 1985 Syll.
1389 1937 1437 1974 37
1472 1941 1568 1974 extr.
1595 1957 1644 1964 —
1678 1934 1702 1972 2
1736 1933 1814 1973 Od.
1847 1930 1872 1971 ὃ

254 1996 329 2034 230
355 1996 491 2034 leviter
517 2000 557 2035 et
582 1997 631 2035 ad
657 2009 737 2035 rem
764 2000 944 2036 mutatus.

256 2179 361 2220 307.
416 2181 531 2219 Inter
559 2181 769 2232 Smyrnaea
794 2180 833 2219 in
862 2182 1012 2220 schedis
1041 2181 1318 2222 Sherardianis.
1360 2181 1403 2220 G.
1430 2182 1460 2221 Ι.
1490 2181 1602 2220 3284.

364 2283 542 2341 Πύκτην
570 2291 923 2332 ΑΑΣΚΕΠΟΝ
955 2284 1157 2338 λεύσσεις
1185 2286 1275 2341 ἐμέ,
1307 2286 1382 2330 τὸν
1413 2285 1685 2344 κατέπεφνεν

525 2351 708 2409 Πάρδος
739 2349 941 2407 ὁμοιείου
966 2350 1266 2410 τευξ[ο’]μενος
1294 2350 1508 2397 θανάτου.

361 2464 515 2504 Nomen
555 2464 714 2504 Boeckh
743 2460 954 2505 ’Άο-κεπτον
994 2467 1104 2515 fecit,
1146 2466 1411 2505 Wilamowitz
1430 2463 1657 2504 -Ἀὸσ-κεῒτον
1697 2464 1867 2513 coniecit,

260 2539 360 2576 quae
388 2527 513 2565 forma
539 2532 719 2578 suspecta
746 2529 904 2566 videtur.
920 2550 970 2556 -—-
990 2528 1012 2565 2
1032 2538 1294 2566 τεΥΣΕΜεΝοΣ
1323 2528 1478 2566 Boeckh
1503 2518 1735 2579 τευξοίμενος.
1768 2525 1869 2564 Fue-

261 2589 314 2627 rit
340 2599 622 2628 τεγΞοΜεΝος.
650 2586 781 2642 ὁμοίιον
807 2584 964 2629 θοίναν-ον
993 2592 1042 2630 ab
1068 2591 1240 2629 Homero
1267 2594 1463 2629 mutuatus
1491 2593 1550 2628 est
1566 2592 1714 2627 mutato
1739 2592 1870 2627 tamen

258 2651 484 2701 significatu.

261 2834 366 2874 308.
423 2834 621 2886 Smyrnae.
675 2835 912 2887 Anaglypho
940 2838 1015 2875 duo
1043 2837 1235 2888 exsculpti
1262 2837 1449 2886 homines,
1485 2835 1582 2875 alter
1607 2834 1730 2875 lorica
1761 2833 1870 2873 indu-
