1982 3256
276 267 303 308 4
827 236 1088 309 Flpigrammata
1111 260 1328 308 sepulcralia.

274 377 346 415 *4.
402 374 447 421 εἷς
474 369 514 414 τδ
543 373 789 428 Φορβαντεῖον.
843 374 1023 413 Pittaces.
1077 373 1283 412 Kirchhofl
1310 373 1397 412 466.

440 455 714 515 Ἀ]ντιλόχου
745 457 851 500 ποτὶ
883 458 983 514 σῆμ’
1015 452 1193 513 ἀγαθοῦ
1223 454 1299 498 καὶ
1329 453 1562 514 σώφρονος
1591 451 1752 512 ἀνδρός

384 617 555 654 Alterius
592 628 726 654 versus
760 627 971 666 paucarum
1004 615 1220 652 litterarum
1253 613 1382 664 apices
1416 620 1620 664 supersunt
1626 627 1638 662 3
1676 612 1756 652 tale
1796 612 1887 663 quid

276 680 391 717 fuerit
419 677 496 717 ἴστε
524 671 808 731 προσερχόμενοι.
851 677 988 715 Altero
1016 676 1183 714 eiusdem
1211 676 1315 726 cippi
1339 676 1552 727 fragmento
1571 674 1731 714 artificis
1748 687 1890 713 nomen

277 742 501 792 inscriptum
520 736 714 794 Ἀριστίων
742 740 783 792 μ’
812 737 969 789 ἐπᾶησεν.

274 926 339 966 *5.
394 926 459 965 Ad
486 925 774 965 Velanidezam.
827 924 1033 964 Kirchhoff
1059 924 1146 964 468.

441 1007 621 1052 Λυσέαι
650 1004 813 1051 ἐνθάδε
844 1009 964 1065 σῆμα
995 1006 1144 1064 πατὴρ
1174 1004 1333 1064 Σήμων
1360 1006 1597 1064 ἐπέθηκεν.

274 1200 315 1238 6.
370 1199 511 1238 Incerti
543 1199 633 1238 loci.
686 1200 750 1237 Ex
784 1199 1007 1249 apographo
1040 1198 1333 1237 adcuratissimo
1364 1197 1700 1247 archaeologorum
1727 1195 1888 1234 Atheni-

273 1263 420 1300 ensium
447 1263 586 1313 (1851)
613 1261 823 1300 Kirchhoff
845 1262 931 1300 469.

441 1349 567 1403 Σῆμα
605 1342 919 1401 Φρασικλείας·
950 1341 1087 1401 κούρη
1119 1341 1430 1401 κεκλή[σο]μαι
1462 1339 1565 1393 αἰεί,

498 1409 595 1454 ἀντὶ
626 1409 768 1468 γάμου
797 1410 922 1467 παρὰ
952 1413 1071 1453 θεῶν
1103 1413 1232 1454 τοῦτο
1264 1412 1442 1464 λαχοῢσ’
1466 1405 1619 1464 ὄνομα.

274 1605 312 1644 7.
367 1605 432 1643 Ad
462 1604 622 1644 Sunium
648 1603 967 1654 promunturium.
1021 1603 1085 1640 Ex
1111 1603 1311 1654 Rangabis
1339 1602 1538 1641 Michaelis
1564 1598 1767 1640 Cordellae
1793 1609 1886 1648 apo-

274 1668 433 1718 graphis
459 1662 666 1706 Kirchhoff
689 1667 772 1704 470.

446 1746 775 1806 Τ]οἷ·πικλέους
805 1748 968 1799 παιδός
997 1745 1381 1806 Δαμασιστράτου
1411 1744 1575 1790 ἐνθάδε
1605 1747 1726 1803 σῆμα

441 1813 690 1866 Πεισιάναξ
720 1815 952 1871 κατέθηκε
982 1814 1032 1856 τὸ
1064 1814 1145 1871 γὰρ
1177 1815 1307 1871 γέρας
1337 1814 1430 1858 ἐστὶ
1462 1811 1722 1870 θανόντωῂ.

379 1910 394 1945 1
426 1909 508 1946 init.
538 1936 546 1945 .
575 1918 630 1944 pm
659 1906 774 1944 Cord.
828 1907 882 1943 At
910 1906 1108 1958 Τερπικλῆς
1142 1919 1319 1956 graecum
1351 1918 1490 1943 nomen
1523 1916 1608 1943 esse
1642 1907 1742 1940 recte
1769 1903 1886 1951 negat

279 1970 556 2009 Wilamowitz.
592 1991 641 1997 —
676 1968 698 2005 2
734 1959 901 2012 θανόντος
936 1967 1134 2006 Michaelis
1167 1968 1265 2006 satis
1299 1967 1416 2017 spatii
1449 1978 1594 2016 negans
1628 1976 1810 2015 superare
1836 1962 1887 2000 ad

276 2045 299 2070 Ν
326 2034 494 2070 litteram
522 2030 795 2081 supplendam
822 2042 914 2067 usus
939 2036 1065 2068 tamen
1092 2033 1131 2067 et
1147 2029 1245 2067 ratio
1264 2029 1451 2067 formulae
1468 2027 1658 2078 pluralem
1675 2025 1886 2077 postulant.

277 2216 318 2256 8.
372 2217 435 2254 Ad
464 2216 634 2255 Sunium.
687 2214 751 2252 Ex
779 2214 980 2253 Cordellae
1007 2221 1142 2266 ectypo
1169 2212 1374 2252 Kirchhoff
1395 2213 1483 2252 471.

444 2309 1618 2321 ———-——————-——--—n-

447 2385 1020 2400 .........
1081 2347 1131 2411 ἦν
1158 2352 1269 2412 γ]ἀρ
1305 2349 1484 2408 ἁπάσης

506 2424 607 2464 νοῦν
636 2437 684 2463 τε
716 2419 790 2463 καὶ
821 2416 1044 2477 ἆνο[ρέ]αν
1074 2417 1225 2473 ἔξοχος
1256 2416 1443 2477 ἡλικίας.

515 2523 524 2533 .
579 2484 880 2546 Ἐπ]ιστήμων
910 2485 1001 2529 τόθ’
1032 2483 1159 2529 ἐπόει
1185 2481 1563 2544 (Ιπ(π)οστράτου
1593 2486 1725 2543 σῆμα.

380 2581 441 2618 Ab
472 2578 582 2617 initio
614 2579 747 2628 paullo
778 2579 893 2629 plura
924 2578 1085 2628 periisse
1121 2590 1237 2627 quam
1270 2576 1354 2615 sola
1387 2576 1557 2614 defuncti
1590 2575 1786 2626 patrisque
1818 2586 1885 2612 no-

279 2642 394 2690 mina,
422 2641 633 2679 coniunctio
660 2633 730 2691 ‘ya'p
759 2641 885 2687 docet3
912 2640 1078 2678 fortasse
1104 2640 1228 2678 viator
1254 2643 1297 2677 ut
1322 2639 1494 2677 iuvenem
1523 2638 1679 2676 defleret
1695 2636 1885 2674 invitaba-

277 2712 351 2742 tur.
391 2704 481 2741 Duo
508 2703 659 2740 fuerunt
684 2702 857 2741 disticha.
877 2723 926 2730 —-
946 2702 968 2739 2
989 2701 1146 2751 Sauppe
1173 2714 1261 2739 cum
1287 2701 1328 2739 in
1348 2700 1549 2740 Cordellae
1567 2704 1704 2748 ectypo
1731 2697 1886 2748 legisset

277 2778 329 2803 Αιν
339 2779 376 2814 Δ,
409 2760 566 2817 ἀνδρείαν
593 2764 748 2813 scripsit
766 2764 899 2803 Philol.
927 2763 1102 2802 XXVIII
1132 2764 1217 2802 174.
1237 2785 1286 2792 —
1305 2763 1402 2801 Post
1427 2757 1566 2811 ἡλικίας
1592 2760 1707 2811 spatii
1735 2759 1884 2809 aliquid

279 2835 401 2876 vacat,
433 2827 531 2865 unde
559 2840 593 2864 v.
614 2828 635 2864 3
665 2827 712 2863 ab
740 2826 824 2876 ipso
851 2825 1127 2875 epigrammate
1154 2825 1430 2875 seiungendum
1456 2836 1540 2862 esse
1566 2826 1683 2873 patet.
1725 2821 1800 2861 Sed
1818 2821 1885 2871 qui

278 2886 356 2928 τόδ’
383 2889 539 2940 scripsit
565 2887 809 2937 instituitque
835 2894 913 2925 tam
941 2887 1155 2937 quaesitum
1175 2887 1378 2924 verborum
1397 2885 1569 2923 ordinem
1587 2895 1739 2923 versum
1757 2883 1885 2922 faeere
