1982 3256
639 242 667 278 I.
703 242 846 280 termini
870 243 1029 281 aedificia
1051 246 1166 282 fontes
1191 249 1331 292 pontes.
1712 249 1794 292 467

278 348 398 408 μηδέ
427 366 497 402 τις
528 347 795 408 ἧμερίδων’
780 349 938 412 ὄρχους
972 352 999 414 ἢ
1029 355 1140 415 ἒ[π]’
1173 353 1314 402 αλσεα
1344 357 1563 416 δενδρέων

277 413 308 476 ἢ
341 418 478 476 ποίην
505 419 621 477 χιλῷ
651 416 830 465 εὖαλδέι
859 423 1010 481 χλωρὰ
1042 425 1240 469 θέουσαν

280 482 433 544 δμωὴν
461 486 653 530 κυανέου
671 482 828 540 ”Aedos
857 489 1015 547 πήξειε
1042 489 1281 545 μάκελλαν,

162 553 219 597 85
277 553 399 610 σῆμα
429 554 528 597 νέον
555 553 720 609 τεύχων
748 551 802 613 ἠὲ
831 555 1053 615 πρότερον
1083 558 1312 614 κεραίζων.

276 613 330 662 οὗ
361 620 497 674 θέμις
525 617 645 679 ἀμφὶ
676 623 854 666 νέκυσσι
882 623 1038 678 βαλεῖν
1068 622 1286 682 ιρόχθονα
1315 628 1476 682 βῶλον,

275 685 441 744 πλήν’
424 685 450 730 o'
480 705 554 732 κεν
583 687 774 751 αἵματος
807 684 898 747 ἦισι
933 690 1008 734 καὶ
1038 688 1259 749 ἔκγ[ο]νος
1289 691 1590 755 ἓσσαμένο[ιο·

275 754 441 808 κείνοις
469 756 508 799 δ’
539 752 620 800 οὐκ
651 752 914 812 ἀθέμιστον·
947 757 1047 802 ἐπεὶ
1078 758 1295 819 τιμάορος
1325 760 1505 820 ειστωρ·

275 822 351 865 καὶ
381 821 465 882 γὰρ
489 819 714 883 ’Λθηναίη
749 827 888 883 [ποτ’]
916 821 1193 883 Ἐριχθόνιον
1222 830 1420 886 βασιλῆα

160 890 217 953 90
273 892 383 948 νηῶι
413 887 687 949 ἐνκατέθηκε
717 893 946 935 συνέστιον
974 889 1158 947 εᾷιμεναι
1190 911 1311 951 ιρων.

273 954 314 1001 εἶ
345 959 395 1002 δέ
423 974 505 1001 τωι
532 953 702 1002 ἅκλυτα
731 962 872 1003 ταῦτα
904 960 980 1004 καὶ
1011 957 1092 1003 οὐκ
1123 961 1406 1006 ἐπιπείσεται
1439 961 1628 1024 αι’)τοῖ[ς,

274 1022 372 1068 ἀλλ’
403 1021 691 1086 ἂποτιμήσει,
722 1025 786 1086 μή
818 1026 858 1070 οὶ
893 1027 1046 1087 νήτιτα
1077 1027 1270 1086 γένηται,

279 1090 397 1136 ἄλλά
425 1109 502 1148 μιν
531 1089 803 1152 ἇπρὸφατος
833 1094 1030 1150 Νέμεσις
1060 1095 1135 1137 καὶ
1166 1092 1335 1153 ῥόμβος
1366 1095 1573 1157 ἀλάστωρ

161 1197 166 1202 .
273 1162 488 1218 τίσονται,
520 1162 733 1220 στυγερὴν
764 1161 813 1205 δὲ
844 1159 1099 1221 κυλινδήσει
1130 1160 1371 1221 κακότητα·

159 1231 214 1275 95
275 1226 496 1287 οὐδὲγὰρ
523 1226 724 1287 ἴφθιμον
758 1229 967 1287 Τριόπεω
995 1229 1128 1285 μένος
1156 1227 1388 1275 Αἰολίδαο

274 1292 431 1349 c’bveffl’,
463 1294 538 1340 ὅτε
568 1297 686 1340 νειὸν
715 1294 984 1356 Δημήτερος
1012 1295 1303 1349 ἐξαλάπαξεν.

269 1366 353 1408 τῶι
381 1356 482 1424 ἦτοι
514 1364 674 1423 ποινὴν
703 1366 778 1407 καὶ
810 1363 1065 1423 ἐπωνυμίην
1095 1362 1323 1408 ἀλέασθαι

267 1430 429 1490 χώρου,
459 1429 521 1491 μή
552 1449 623 1475 τοι
653 1431 818 1491 ἕπηται
849 1430 924 1475 ἔπι
961 1427 1243 1490 Τ[ρ]ιόπειος
1268 1430 1448 1491 Ἐρινύς.

260 1513 442 1553 Herodes
477 1514 634 1556 Atticus
667 1514 941 1553 Marathonius
969 1513 1126 1552 Anniae
1159 1514 1337 1563 Regillae
1368 1516 1504 1554 uxoris
1534 1522 1711 1557 mortuae
1751 1532 1785 1557 a.

158 1577 241 1617 fere
271 1577 340 1617 161
370 1578 596 1617 memoriam
625 1577 812 1629 singulari
837 1577 982 1627 pietate
1008 1580 1238 1628 prosecutus
1266 1583 1325 1615 est
1351 1590 1435 1616 cum
1464 1579 1503 1616 in
1531 1580 1620 1631 ipsa
1644 1581 1787 1631 patria,

158 1640 224 1680 ubi
242 1640 399 1693 sepulta
424 1647 484 1680 est
502 1640 568 1691 (G.
587 1641 619 1680 Ι.
649 1640 783 1690 6185),
811 1645 892 1678 tum
918 1639 1067 1679 Romae
1094 1640 1263 1678 maxime
1289 1641 1327 1677 in
1348 1642 1452 1691 urbe,
1480 1643 1546 1681 ubi
1566 1643 1615 1681 ad
1633 1645 1785 1682 tertium

154 1703 326 1756 lapidem
358 1704 446 1743 viae
479 1703 637 1755 Appiae
664 1702 727 1753 (C.
755 1702 785 1743 Ι.
815 1702 881 1754 26)
918 1702 1127 1753 Triopeum
1160 1702 1358 1742 constituit
1390 1716 1540 1743 sacrum
1577 1705 1620 1745 id
1654 1705 1785 1746 Cereri

156 1765 495 1818 Proserpinaeque
521 1778 568 1805 ac
600 1765 685 1805 deis
719 1765 855 1804 inferis
862 1779 873 1813 3
913 1765 954 1803 in
986 1766 1122 1804 eodem
1155 1773 1286 1804 autem
1321 1767 1485 1806 circuitu
1521 1774 1560 1806 et
1586 1769 1784 1808 Minervae

155 1828 410 1881 Nemesique,
444 1829 576 1868 atticis
611 1828 774 1877 deabus,
807 1836 844 1867 et
874 1826 1007 1867 Cereri
1035 1827 1324 1879 Faustinaeque
1359 1828 1438 1883 (νέᾳ
1472 1822 1658 1884 Δήμητρι)
1692 1832 1785 1871 fana

157 1893 400 1932 consecravit
425 1905 635 1943 eorumque
661 1891 703 1930 in
731 1891 854 1930 altero
882 1890 1059 1942 Regillae
1086 1890 1246 1930 heroum
1280 1896 1526 1943 statuamque
1557 1894 1782 1933 conlocavit.

159 1954 274 2006 Quae
299 1955 545 2007 potissimum
571 1967 635 1994 res
662 1954 714 1993 ad
741 1954 955 2005 Triopeum
983 1954 1224 1992 condendum
1252 1955 1477 2004 perduxerit
1503 1955 1701 1994 Herodem
1727 1957 1784 1995 vi-

157 2017 272 2057 detur
297 2017 490 2057 Chishulli
521 2018 738 2057 coniectura
764 2017 979 2069 explicare,
1016 2017 1082 2067 qui
1108 2017 1305 2056 Herodem
1339 2031 1364 2055 a
1391 2017 1600 2069 Theagene
1626 2017 1782 2068 Cnidio,

157 2093 235 2132 quo
261 2085 514 2134 praeceptore
539 2094 632 2120 usus
660 2085 763 2129 erat,
791 2080 1042 2131 Triopiorum
1070 2092 1288 2128 sacrorum,
1324 2093 1424 2130 quae
1456 2081 1495 2118 in
1525 2080 1666 2120 Cnidio
1691 2095 1781 2132 pro-

155 2143 357 2183 munturio
384 2144 621 2191 colebantur,
656 2143 800 2182 notitia
826 2150 864 2182 et
889 2143 1076 2193 religione
1093 2142 1268 2180 inbutum
1297 2142 1365 2181 illa
1390 2156 1462 2182 suo
1489 2143 1666 2181 instituto
1685 2144 1783 2183 cele-

154 2206 272 2246 brare
304 2206 475 2246 voluisse
508 2207 727 2259 suspicatus
763 2212 832 2246 est.
893 2205 1054 2244 Accedit
1085 2204 1187 2254 quod
1217 2204 1365 2244 Herodi
1399 2205 1560 2256 eiusque
1592 2206 1782 2246 similibus

155 2269 439 2309 obsoletissima
465 2281 641 2320 quaeque
666 2269 838 2308 maxime
863 2268 1085 2320 placebant,
1111 2267 1159 2305 cf.
1187 2267 1237 2305 ad
1265 2281 1300 2305 v.
1321 2267 1380 2305 64.
1423 2267 1603 2307 Ceterum
1629 2269 1668 2306 in
1695 2270 1782 2320 ipso

155 2331 318 2384 Triopei
336 2332 445 2371 aditu
462 2331 633 2370 celebres
651 2332 742 2370 illae
760 2331 961 2370 columnae
979 2331 1129 2382 positae
1147 2330 1315 2378 fuerunt,
1343 2330 1524 2382 antiquae
1541 2330 1781 2371 litteraturae

154 2394 300 2434 atticae
325 2395 541 2434 imitatione
567 2395 738 2446 insignes
767 2394 871 2434 c.1.
894 2394 955 2443 26,
983 2394 1118 2432 eodem
1146 2392 1259 2431 titulo
1287 2398 1450 2443 utraque
1476 2393 1663 2445 inscripta
1689 2396 1782 2435 hoce

155 2451 218 2496 nal
244 2456 274 2497 οἱ
299 2453 408 2503 κίονες
427 2451 621 2510 Δήμητρος
648 2471 711 2496 κοιι
737 2448 853 2509 Κόρης
881 2449 1060 2508 ἄνοίθημα,
1087 2450 1149 2494 nou
1181 2450 1333 2508 χθονίων
1359 2456 1466 2495 θεων·
1494 2451 1558 2495 καὶ
1585 2451 1698 2496 οὐὸὲνι
1716 2456 1780 2496 θέ-

154 2533 259 2572 μιτον
285 2521 526 2572 μετακινῆσαι
552 2519 594 2559 ἐκ
620 2533 685 2558 του
708 2515 886 2571 Τριοπιου,
913 2534 928 2557 o
958 2519 1053 2558 ἐστιν
1071 2513 1211 2557 ἔπιτον
1227 2513 1349 2570 τρι-του
1369 2517 1403 2556 ἐν
1421 2520 1467 2580 τῆ
1484 2515 1560 2571 ὁῶρ
1574 2521 1622 2581 τῆ
1633 2516 1780 2558 Ἀππίοι

154 2581 190 2621 ἐν
215 2584 272 2635 τῷ
291 2576 463 2635 ‘pr‘dw
491 2579 675 2634 hypo-013
703 2575 776 2634 ’γὰρ
804 2573 907 2620 λωιον
934 2597 986 2634 τω
1016 2575 1207 2630 κινήσαντι·
1234 2575 1379 2633 μοίρτυς
1407 2566 1549 2632 δαίμων
1570 2567 1727 2622 Ἐνοὸῖοι.

259 2644 350 2683 Duo
375 2651 467 2684 sunt
492 2657 592 2695 quae
620 2657 739 2695 supra
765 2644 903 2695 scripsi
930 2644 1123 2692 carmina,
1158 2655 1323 2694 quorum
1349 2643 1514 2681 alterum
1541 2644 1592 2682 ad
1618 2645 1780 2683 heroum

154 2711 401 2758 statuamque
426 2707 626 2758 Regillae,
662 2707 825 2745 alterum
852 2706 903 2744 ad
930 2706 1129 2745 Minervae
1155 2705 1411 2757 Nemesisque
1436 2707 1567 2745 fanum
1597 2708 1779 2758 pertinet,

154 2782 400 2809 numerorum
428 2776 510 2807 arte
538 2770 632 2808 satis
660 2770 844 2808 adcurate
867 2769 1009 2808 factum
1029 2777 1236 2819 utrumque
1254 2769 1320 2820 (cf.
1341 2768 1476 2808 Herm.
1500 2769 1615 2819 Orph.
1637 2784 1674 2820 p.
1691 2772 1778 2810 711.

155 2832 243 2872 ⁷38.
263 2831 371 2883 782),
398 2832 550 2871 dicendi
575 2845 715 2883 genere
741 2844 860 2883 saepe
879 2833 988 2871 docte
1006 2833 1182 2879 obscuro,
1212 2833 1416 2870 verborum
1435 2832 1617 2883 ampullis
1637 2833 1779 2883 ubique

153 2895 333 2945 molesto,
360 2895 635 2935 sententiarum
663 2895 848 2934 tenuitate
866 2896 1027 2934 minime
1045 2895 1172 2946 digno.
1212 2894 1402 2946 Longiori
1426 2895 1587 2934 carmini
1607 2895 1779 2934 Marcelli

1439 2958 1508 2994 30·
