1982 3256
270 226 363 271 '320
838 222 1097 269 Epigrammata
1118 220 1336 256 dedicatoria.

281 338 385 376 790.
427 338 474 376 In
502 337 670 375 Achaiae
696 335 794 381 vico,
822 333 890 384 qui
916 331 935 381 ἡ
964 327 1067 371 adm
1089 326 1236 384 Ἀχαΐα
1263 338 1431 381 vocatur,
1460 332 1600 371 veteris
1618 331 1770 382 Dymae
1792 329 1888 370 1000.

281 399 484 450 Rangabes
518 397 630 437 2218.

452 481 616 536 Χαῖρέ]
649 495 740 533 μοι,
775 477 1022 535 κά(λ)λιστε
1053 477 1199 519 καλῶν
1227 474 1396 534 ἠιθέων
1427 475 1728 533 Πολύστρατε,

454 544 668 603 ἀλκίμ]ωι
696 543 892 599 μάλιστα
923 544 1098 587 πάντων
1123 540 1336 600 ζΗρακλεῖ
1364 543 1573 599 τετιμένε,

451 607 501 663 ιὃς
530 611 691 667 πάλαι]
723 611 864 669 ὄάμης
895 608 968 653 ὑπ’
1001 608 1160 667 αἰχμῆς
1193 608 1387 667 θουρίων
1419 610 1683 660 Μολινιὸἇν,

449 678 630 735 πυκνὸν]
656 674 881 736 ’.Αλκείὸηι
911 677 1139 734 κορύσσων
1169 673 1362 731 οὐλαμὸν
1391 674 1692 734 παραστάτης,

310 754 334 791 5
450 744 573 802 ἔγχος
603 743 782 802 ὂξ]ι’)νας
811 742 1017 802 σιδήρω[ι
1049 744 1118 801 τ]ὸ
1149 745 1253 801 πρὶν
1282 743 1598 797 ἐστομωμένον.

452 810 546 855 ἀλλ’
581 810 809 870 ἔθνῃσκες·
843 811 890 854 ἐκ
923 813 979 868 δ’]
1012 806 1079 868 ἄρ’
1112 806 1256 853 ὅσσων
1287 807 1340 853 οὐ
1371 810 1516 867 πάρος
1547 808 1816 862 δεδευμένων

448 877 663 936 ζΗρακλεῖ
693 880 911 935 κατῆλ]θ<ε
943 878 1081 935 δάκρυ
1113 879 1187 920 καὶ
1219 877 1378 935 γοηρὸν
1406 874 1542 930 ἴαχεν,

451 946 643 1001 χαλκέωι
672 944 826 1002 χαίτην
857 947 894 988 δ’
926 941 1168 1002 &inflentur
1198 943 1405 995 ἕσκύθιξε
1437 942 1669 999 φασγάνωι

385 1107 531 1146 Lucem
570 1103 682 1142 titulo
723 1104 920 1155 adspergit
953 1104 1171 1142 Pausanias
1205 1102 1283 1140 VII
1315 1103 1374 1150 17,
1406 1103 1428 1140 8
1474 1094 1591 1150 ὀλίγον
1638 1097 1676 1139 δὲ
1722 1093 1786 1152 προ
1832 1101 1900 1138 τοῦ

288 1161 431 1214 ἄστεως
450 1168 527 1207 ἐστι
555 1183 626 1206 των
646 1162 824 1219 Δυμαίων
851 1166 884 1205 ἐν
912 1163 1015 1219 ὃεξιοῒ
1038 1181 1101 1215 της
1128 1162 1213 1203 οὸου
1239 1158 1359 1217 ταῲος
1385 1155 1630 1217 Σωστράτου·
1658 1154 1837 1215 μειροίκιον
1862 1159 1900 1200 δὲ

288 1230 327 1283 ἠν
353 1248 423 1271 των
452 1227 665 1283 ἐπιχωρίων,
699 1230 872 1279 *γενέσθαι
905 1226 942 1267 δὲ
967 1227 1191 1281 “Ηρακλέους
1220 1219 1393 1281 ἐρωμενιίν
1420 1231 1531 1279 φασιν
1558 1217 1681 1274 αὐτόν,
1709 1219 1782 1274 καί,
1811 1222 1898 1264 αἶπο-

289 1295 408 1336 θανειν
433 1288 504 1347 ’γοὶρ
538 1309 598 1332 τον
631 1285 855 1346 Σωστρατον
879 1290 1104 1343 ιΗρακλεόυς
1139 1289 1188 1330 ἔτι
1223 1285 1318 1336 δ’ντος
1353 1283 1452 1342 uero}
1485 1283 1694 1342 ἀνθρωπων,
1729 1302 1844 1332 ουτως
1872 1286 1901 1325 οἳ

289 1374 348 1398 τον
371 1355 562 1411 Ηρακλέα
580 1370 618 1394 το
648 1371 690 1394 τε
716 1369 847 1407 μνημα
875 1369 986 1393 αυτον
1013 1369 1095 1393 ειναι
1122 1369 1181 1392 τον
1213 1345 1409 1402 ποιήσαντα
1444 1367 1505 1391 και
1533 1344 1705 1403 αἰπαρχας
1733 1342 1803 1389 ἄπο
1830 1364 1902 1388 των

291 1421 325 1459 ἐν
359 1435 400 1481 τη
436 1419 581 1494 κεφαλῇ’
616 1431 746 1470 τριχων
773 1414 904 1456 δουναι.
958 1411 1123 1468 ἐπίθημα
1157 1412 1195 1453 δὲ
1228 1430 1290 1453 και
1318 1413 1363 1459 εἷς
1400 1413 1466 1468 ἐμὲ
1494 1412 1543 1453 ἔτι
1571 1405 1686 1463 στηλη
1712 1427 1755 1451 τε
1779 1406 1819 1462 ην
1846 1406 1901 1450 ἐπὶ

290 1485 357 1521 τοῦ
389 1495 567 1534 χωματος
601 1475 663 1519 καὶ
692 1478 878 1532 “Ηρακλης
912 1477 1200 1530 ἐπειργασμένος.
1254 1475 1399 1525 ἐλέγετο
1434 1474 1472 1515 δὲ
1498 1491 1546 1522 ως
1582 1475 1610 1515 οἱ
1638 1465 1815 1527 ἐπιχώριοι
1841 1468 1902 1513 και

292 1541 492 1593 ἐναγίζουσι
517 1558 569 1595 τω
589 1538 821 1594 Σωστρα’τω.
858 1541 969 1580 Haec
994 1541 1088 1579 adeo
1115 1554 1198 1579 cum
1227 1540 1337 1578 titulo
1364 1539 1581 1578 consentire
1599 1537 1707 1576 vides
1733 1542 1776 1575 ut
1803 1548 1903 1587 quae

293 1607 508 1656 discrepent
540 1609 607 1643 aut
632 1599 849 1643 Pausaniae
883 1604 1029 1642 tribuas
1064 1603 1183 1642 errori
1217 1608 1283 1640 aut
1310 1614 1441 1639 eorum
1475 1615 1499 1639 a
1526 1602 1664 1652 quibus
1692 1599 1760 1638 ille
1786 1599 1903 1637 fando

293 1675 448 1719 accepta
465 1667 626 1706 rettulit.
663 1667 800 1717 Neque
818 1666 921 1704 enim
949 1667 983 1704 is
1012 1670 1070 1704 est
1097 1665 1259 1715 scriptor
1277 1677 1390 1715 quem
1420 1664 1666 1713 Polystratum
1694 1667 1733 1700 et
1756 1661 1905 1701 Sostra-

294 1739 366 1769 tum
407 1731 564 1768 nomina
602 1730 702 1767 inter
735 1742 777 1767 se
809 1729 1025 1766 confudisse
1059 1726 1280 1765 incredibile
1307 1726 1368 1775 sit,
1401 1739 1488 1764 cum
1512 1725 1744 1777 praesertim
1768 1724 1899 1774 paullo

294 1797 384 1844 post
398 1795 448 1843 (c.
477 1792 618 1842 17,14)
656 1792 702 1829 de
730 1791 908 1830 Sostrato
922 1789 1143 1828 Pellenensi
1170 1789 1427 1839 olympionica
1452 1789 1686 1827 narrandum
1714 1787 1838 1835 fuerit,
1864 1793 1902 1825 et

293 1855 509 1906 Dymaeos,
537 1866 697 1904 quorum
726 1854 816 1891 urbs
843 1852 962 1891 variis
989 1856 1206 1902 temporum
1225 1851 1557 1890 vicissitudinibus
1575 1855 1667 1901 post
1684 1851 1901 1901 Augustum

293 1918 333 1954 in
360 1917 490 1967 oppidi
518 1916 638 1954 vicive
665 1915 914 1966 exiguitatem
941 1915 1097 1953 redacta
1123 1918 1217 1962 erat,
1245 1927 1292 1951 ne
1310 1913 1417 1964 ipsos
1437 1913 1592 1963 quidem
1610 1913 1704 1952 satis
1721 1913 1800 1951 iam
1818 1924 1900 1950 rem

295 1979 533 2029 exploratam
559 1977 741 2016 habuisse
766 1977 889 2015 facilis
916 1982 973 2015 est
999 1976 1183 2026 suspicio:
1223 1975 1320 2014 illud
1352 1980 1452 2014 certe
1484 1988 1560 2014 non
1587 1976 1735 2014 videtur
1766 1987 1791 2012 a
1816 1973 1900 2024 Dy-

294 2042 414 2079 maeis
428 2041 646 2092 conperisse
659 2039 874 2078 Pausanias
888 2039 1151 2088 Polystratum
1165 2039 1204 2076 in
1218 2037 1492 2076 Molinidarum
1504 2049 1634 2087 pugna
1645 2037 1835 2076 cecidisse.
1850 2058 1901 2065 —

294 2103 467 2142 Litterae
502 2115 588 2141 cum
618 2102 889 2141 macedonicae
921 2114 1038 2151 quam
1067 2106 1206 2138 vocant
1239 2100 1376 2137 aetatis
1409 2099 1504 2147 sint,
1538 2104 1626 2138 ante
1659 2112 1801 2137 annum
1827 2098 1901 2136 208

296 2166 462 2216 scriptus
489 2166 625 2204 titulus
651 2166 813 2213 videtur,
843 2177 917 2214 quo
945 2163 1097 2213 quidem
1124 2175 1227 2200 anno
1253 2163 1345 2200 urbs
1373 2162 1487 2199 fidem
1512 2161 1696 2211 Philippo
1715 2160 1806 2212 'regi
1823 2172 1901 2199 ser-

297 2232 426 2266 vatam
451 2228 711 2266 Romanorum
746 2226 892 2265 excidio
920 2226 1065 2272 luebat,
1102 2225 1156 2262 eis
1185 2228 1310 2262 autem
1339 2236 1436 2275 quae
1461 2224 1637 2275 proxime
1672 2223 1902 2262 antecedunt
1975 2202 1982 2262 ³}

294 2291 530 2340 temporibus
557 2290 700 2328 crebris
726 2290 912 2327 Eleorum
932 2288 1231 2337 Aetolorumque
1263 2286 1544 2324 incursionibus
1570 2286 1798 2336 petebantur
1815 2284 1900 2335 Dy-

294 2353 393 2390 maei
419 2353 635 2403 frustraque
662 2354 826 2390 Aratum
852 2350 998 2388 auxilio
1026 2351 1229 2397 vocabant,
1258 2349 1377 2387 donec
1404 2362 1437 2387 a.
1454 2348 1528 2386 219
1547 2360 1634 2386 cum
1651 2347 1742 2386 Elei
1760 2346 1900 2385 Teicho
1969 2328 1982 2375 i

295 2414 452 2453 castello
486 2427 607 2465 prope
633 2415 787 2465 Dymen
814 2414 888 2452 sito
916 2417 1031 2463 capto
1058 2413 1133 2451 iam
1161 2413 1236 2463 ipsi
1264 2412 1346 2450 urbi
1380 2411 1620 2449 obsidionem
1651 2409 1901 2456 minarentur,

297 2477 621 2514 mercenariorum
647 2489 763 2513 manu
791 2480 924 2514 coacta
949 2474 1131 2526 Philippo
1149 2488 1237 2525 rege
1263 2473 1406 2511 auxilio
1433 2474 1609 2511 veniente
1659 2472 1791 2509 hostes
1817 2471 1901 2508 feli-

295 2539 386 2576 citer
419 2539 645 2588 fugaverunt
677 2550 865 2588 agrosque
899 2550 1031 2575 eorum
1063 2537 1223 2587 ingressi
1263 2540 1524 2574 vastaverunt.
1583 2533 1697 2573 Hanc
1736 2533 1901 2571 fortasse

299 2600 503 2638 victoriam
536 2599 752 2649 Polystrati
779 2612 917 2649 operae
943 2599 1162 2637 tribuebant
1189 2599 1254 2648 qui
1282 2605 1324 2635 ut
1351 2598 1443 2636 olim
1469 2596 1649 2635 Herculis
1674 2596 1733 2634 ita
1759 2595 1899 2633 civium

296 2667 377 2700 tum
407 2653 644 2714 παραστάτης
671 2662 882 2708 extitisset3
923 2661 1070 2712 gratias
1097 2666 1223 2698 autem
1250 2660 1456 2698 referentes
1483 2659 1588 2697 heroi
1614 2663 1764 2697 veteres
1791 2669 1900 2695 reno·

295 2725 439 2762 vabant
469 2725 633 2761 honores
665 2724 918 2772 restitutoque
950 2724 1091 2762 sacello
1125 2723 1188 2760 diu
1221 2723 1394 2773 neglecto
1433 2721 1586 2759 titulum
1626 2719 1903 2770 inscripserunt
1948 2740 1952 2766 =‚

295 2785 336 2822 in
362 2786 418 2823 rei
445 2786 542 2823 bene
569 2789 697 2835 gestae
724 2786 967 2832 memoriam3
995 2798 1106 2834 quem
1135 2785 1207 2823 etsi
1234 2785 1390 2823 mutilus
1416 2784 1464 2821 ad
1481 2795 1552 2821 nos
1569 2781 1744 2833 pervenit
1761 2780 1900 2830 (multo
1951 2776 1962 2804 “-

298 2848 398 2886 enim
427 2848 577 2885 videtur
605 2846 768 2896 amplior
794 2847 945 2897 fuisse),
972 2847 1064 2886 boni
1089 2851 1218 2885 tamen
1246 2851 1383 2896 poetae
1411 2856 1497 2883 esse
1515 2845 1686 2894 adparet,
1714 2846 1900 2892 tantaque
