1982 3256
715 232 760 268 11.
792 232 977 267 homiuum
1002 231 1163 268 honores.
1673 234 1755 276 373

123 336 232 398 τιμήν
255 345 360 384 idem
395 355 484 383 esse
518 349 635 394 atque
670 335 787 384 εἰκόνα
827 350 970 384 norunt
1010 358 1162 394 omnes,
1202 345 1248 384 cf.
1285 339 1392 398 τιμὴν
1433 344 1638 395 ἀναστῆσαι
1678 345 1756 384 alia

122 405 280 465 Ephom.
309 410 424 458 opiqr.
453 408 518 446 lat.
546 407 587 445 11
620 407 676 446 12.

54 588 59 591 V
121 593 226 635 905.
281 593 471 645 Gurtyne.
510 593 552 634 O.
581 595 610 634 Ι.
640 595 741 634 2589
769 607 818 632 ex
845 594 995 633 schedis
1014 594 1287 645 Pigafettianis
1315 596 1422 645 apud
1451 567 1676 645 Gruterum,
1705 611 1754 635 ex

125 657 296 697 Cornelii
324 657 425 696 libro
456 657 567 698 Creta
594 671 721 707 sacra,
751 658 818 708 qui
844 657 958 708 petiit
985 670 1034 694 ex
1063 657 1194 695 codice
1221 657 1410 697 Vaticano
1443 659 1554 708 1759,
1589 659 1753 710 denique

119 733 169 760 ex
194 720 402 760 Pocockio.

284 800 521 861 Ἑσπερίης
549 795 698 861 πάσης
725 803 891 858 χθονὸς
920 798 1107 859 ὄβριμον
1138 801 1371 863 ἱθυντῆρα,

389 873 709 927 Μαρκελλῖνον
740 868 890 928 ἄθρει,
924 870 1227 932 θαρραλέ[ο]ν
1257 873 1432 931 ταμίην,

284 935 497 991 Ἑλλάδος
526 936 694 996 ἀγλαὸν
723 936 862 996 ἔρνος,
895 933 944 989 ὃς
976 934 1147 996 εὐδικίῃ
1179 939 1253 983 καὶ
1287 936 1438 998 ἀρωγῇ

389 1006 615 1062 κουφίζων
645 1003 809 1057 πόλιας
839 1008 981 1064 θῆκεν
1012 1005 1336 1065 ἐλαφροτέρας·

206 1077 232 1118 5
298 1068 484 1117 τοῦνεκα
517 1074 593 1117 καὶ
624 1071 907 1130 προθύροισι
934 1075 1079 1133 Δίκης
1110 1072 1393 1132 ἐπιμάρτυρα
1422 1079 1607 1131 θεσμῶν

386 1141 556 1199 βουλῆς
587 1141 664 1184 καὶ
701 1138 882 1199 Πῦρρου
912 1144 1072 1199 στῆσεν
1104 1139 1380 1199 ἐφημοσύνη.

223 1244 410 1286 Graviter
435 1245 675 1296 interpolata
693 1249 786 1284 sunt
803 1245 1067 1296 Pigafettiana
1085 1252 1122 1284 et
1144 1245 1391 1295 Corneliana,
1417 1247 1630 1298 integriora
1648 1261 1750 1298 quae

116 1307 160 1348 in
191 1308 368 1360 margine
403 1303 608 1347 Cornelius
641 1308 758 1346 habet
792 1320 967 1358 quaeque
1000 1307 1181 1346 Pococke
1216 1309 1398 1357 tradidit3
1439 1311 1572 1349 omnia
1606 1315 1650 1350 ut
1687 1323 1751 1350 res

115 1370 377 1423 perspiciatur
403 1371 580 1410 enotabo.
609 1394 659 1400 —
691 1373 706 1408 1
739 1370 832 1409 Poe.
862 1381 1144 1411 εΣΠεΡιΗηΑ.ο
1172 1401 1335 1411 .....
1357 1383 1750 1423 οΒΡιΜοΝιογΝτ...,

114 1433 258 1485 reliqui
284 1446 387 1484 quae
411 1434 540 1489 posui.
567 1456 618 1462 -
637 1433 661 1471 2
678 1425 898 1485 Μοίρκελλον
925 1432 940 1471 ὅ
971 1426 1115 1485 θρασῦς
1144 1427 1277 1486 μοίρψε
1305 1426 1414 1487 μέρος
1441 1433 1576 1488 ταμίην
1604 1436 1750 1477 Gruter

114 1496 340 1548 eademque,
372 1496 453 1537 nisi
479 1497 583 1548 quod
607 1495 858 1549 Μαρκελλῖνον
884 1497 1014 1545 habet,
1043 1495 1249 1535 Cornelius
1277 1498 1317 1535 in
1344 1502 1473 1548 textu,
1508 1500 1550 1538 in
1577 1500 1752 1551 margine

113 1558 364 1612 Μαρκελλῖνον
397 1552 501 1613 σ’ίθρει
532 1559 746 1612 θαρραλέων
778 1558 924 1612 ταμίην.
978 1558 1156 1598 Pococke
1189 1560 1438 1610 Μαρκελλῖνον
1472 1562 1547 1615 θρα
1575 1592 1583 1600 .
1612 1591 1621 1600 .
1650 1563 1752 1602 unde

115 1622 286 1662 dubitari
317 1627 451 1674 potest
483 1621 568 1677 δρᾷς
603 1623 849 1662 scribendum
883 1623 934 1661 sit
967 1636 1018 1661 an
1051 1635 1140 1661 cum
1168 1623 1365 1663 Boeckhio
1399 1617 1516 1677 α’θρει.
1569 1625 1751 1679 Alterum

114 1684 284 1736 praetuli
323 1690 486 1737 propter
523 1686 763 1736 insequentis
802 1686 908 1724 tituli
949 1699 985 1725 v.
1009 1687 1041 1724 1.
1075 1708 1126 1714 —
1162 1685 1316 1724 Deinde
1357 1686 1559 1739 θαρραλέον
1600 1688 1749 1739 scripsi,

117 1747 334 1802 θαρραλέως
369 1747 535 1788 Boeckh.
572 1771 618 1777 —
657 1749 679 1786 3
717 1743 872 1796 εὐδοκίηι
905 1739 1112 1786 Κυκλάδων
1153 1750 1220 1797 γῆς
1265 1748 1411 1788 Gruter
1452 1757 1490 1788 et
1531 1749 1750 1798 Cornelius,

115 1810 216 1850 alter
247 1818 378 1850 tamen
411 1811 455 1850 in
481 1811 660 1863 margine
693 1805 754 1850 καὶ
783 1809 927 1871 ἀρωγῇ,
960 1811 1140 1849 Pococke
1174 1823 1492 1851 ΕΥΔικιΗΚΑιΑΡΩΡ
1514 1842 1522 1851 .
1540 1843 1548 1851 .
1567 1834 1618 1841 -
1643 1814 1671 1866 „4
1698 1823 1750 1851 ΘΕ

117 1901 126 1912 .
155 1902 165 1912 .
193 1904 203 1913 .
233 1903 243 1912 .
270 1873 366 1914 Poe.
395 1887 468 1926 pro
502 1874 630 1924 θῆκεν,
663 1874 843 1923 idemque
869 1886 905 1911 v.
926 1873 950 1911 5
978 1884 1084 1912 ΠΡΟΘ
1113 1903 1121 1912 .
1152 1903 1160 1912 .
1188 1887 1261 1924 pro
1297 1869 1514 1927 προθύροιο-ι.
1542 1897 1592 1904 -
1621 1876 1644 1914 5
1673 1874 1748 1915 ἐπι-

115 1930 295 1991 μαρτῦρῳ
323 1938 540 1986 Cornelius,
567 1942 780 1976 correctum
813 1936 853 1974 in
886 1937 1071 1988 margine.
1098 1959 1148 1966 —-
1177 1937 1200 1975 6
1229 1931 1346 1989 βουλὴ
1381 1933 1452 1977 καὶ
1470 1933 1612 1991 Πύρρον
1639 1938 1749 1988 θῆκεν

115 1999 274 2050 Gruter,
301 2000 438 2052 βουλῆς
465 1995 625 2053 κοίπυρος
653 2001 768 2049 στῆσε
794 1998 829 2037 ἐν
862 1999 1083 2048 Cornelius,
1116 2001 1155 2038 in
1189 2001 1366 2052 margine
1400 2013 1493 2039 vero
1521 1994 1645 2052 ,βουλὴ
1686 1996 1749 2044 καὶ

115 2054 262 2117 Πόρρου
289 2063 412 2114 θῆκεν.
464 2062 641 2102 Pocoeke
668 2073 896 2101 ΒΟΥΛΗΙΣΑΠ
913 2092 921 2100 .
937 2073 1126 2101 γΡΡογΣτι
1156 2094 1164 2102 .
1196 2094 1204 2103 .
1234 2092 1242 2102 .
1272 2059 1496 2116 ἐφημοσύνη.

217 2125 406 2166 Eiusdem
436 2126 544 2165 urbis
578 2125 678 2164 alius
711 2130 772 2164 est
805 2126 942 2164 titulus
975 2125 1020 2164 C.
1055 2126 1084 2166 I.
1114 2125 1216 2164 2588
1249 2120 1394 2165 Κόιντον
1425 2122 1608 2166 Καικίλιον
1637 2123 1747 2165 Ῥου-

114 2187 248 2241 ᾠεῒνον,
282 2181 343 2229 τὸν
375 2183 567 2241 κράτιστον
600 2181 811 2229 ἀνθύπατον
837 2181 979 2242 Κρήτης
1013 2183 1076 2227 καὶ
1111 2184 1272 2241 Κυρήνης
1299 2185 1486 2234 Κυντίλιος
1513 2181 1655 2242 ΠυΙρρος
1688 2182 1749 2228 τόν

115 2244 238 2304 φίλον,
272 2252 338 2291 ubi
371 2265 459 2292 cum
490 2252 684 2305 Pyrrhum
718 2252 880 2291 eundem
914 2264 998 2290 esse
1034 2258 1182 2302 pateat,
1226 2251 1293 2302 qui
1325 2252 1544 2290 Marcellini
1579 2257 1747 2291 statuam

113 2308 334 2366 ponendam
361 2316 568 2364 curaverit,
597 2315 771 2365 sequitur
797 2322 1002 2364 utrumque
1028 2315 1184 2353 titulum
1204 2315 1461 2354 Constantino
1489 2315 1748 2366 antiquiorem

114 2388 221 2427 esse,
253 2377 398 2430 quippe
432 2378 500 2429 qui
534 2377 693 2417 Cretam
719 2378 974 2429 Cyrenenque
1010 2378 1231 2428 provincias
1266 2379 1315 2416 ab
1342 2377 1484 2416 Rufino
1512 2379 1747 2419 coniunctim

113 2440 407 2481 administratas
440 2441 683 2492 separaverit
717 2447 755 2478 et
786 2441 951 2479 alteram
988 2441 1180 2479 consulari
1214 2441 1378 2479 alteram
1412 2441 1586 2492 praesidi
1626 2441 1747 2480 adtri-

113 2503 252 2543 buerit.
304 2503 389 2543 Iam
421 2518 514 2544 vero
539 2503 790 2543 Marcellinus
817 2516 854 2541 v.
878 2504 896 2540 1
935 2502 1073 2541 Italiae
1100 2508 1310 2553 corrector,
1345 2518 1381 2543 v.
1403 2503 1428 2542 2
1463 2508 1646 2556 quaestor
1678 2504 1747 2542 ad-

113 2565 301 2617 pellatur,
335 2580 414 2618 quo
447 2572 609 2617 utroque
642 2579 801 2604 munere
837 2579 924 2604 cum
960 2579 1036 2604 non
1073 2566 1197 2617 possit
1232 2567 1366 2605 eodem
1391 2571 1569 2619 tempore
1594 2566 1748 2606 functus

67 2670 69 2673 ,
115 2641 218 2678 esse,
252 2629 328 2668 hoc
360 2630 604 2669 statuendum
638 2629 807 2677 videtur,
848 2629 941 2667 olim
976 2630 1087 2668 illum
1122 2630 1225 2682 apud
1259 2630 1463 2670 Cretenses
1498 2634 1747 2681 quaestorem

114 2695 254 2743 postea
280 2692 332 2732 ad
359 2691 587 2731 correctoris
615 2692 754 2731 Italiae
781 2692 1008 2743 dignitatem
1035 2698 1263 2744 provectum
1296 2706 1418 2746 eoque
1451 2694 1540 2745 ipso
1573 2700 1748 2745 tempore

114 2766 202 2794 cum
227 2767 374 2794 novum
400 2755 515 2794 iniret
542 2767 682 2794 munus
711 2768 734 2793 a
763 2754 968 2805 Gortyniis
997 2761 1127 2795 statua
1163 2757 1394 2795 honoratum
1421 2769 1515 2795 esse.
1571 2755 1683 2805 Quae
1711 2755 1747 2793 si

114 2817 242 2857 minus
267 2817 386 2868 plane
413 2821 529 2868 poeta
556 2817 703 2856 dixisse
739 2818 909 2866 videtur,
945 2823 1012 2857 aut
1046 2820 1168 2871 ipsius
1201 2820 1437 2871 inculpanda
1470 2826 1530 2857 est
1562 2818 1747 2869 inperitia

114 2886 183 2921 aut
207 2880 530 2932 interpolatorum
556 2880 663 2919 fraus
690 2880 800 2919 nobis
829 2881 986 2931 quidem
1013 2895 1089 2921 non
1117 2882 1358 2936 deprehensa
1365 2897 1377 2931 ;
1405 2882 1482 2922 vid.
1511 2881 1640 2921 adnot.
1661 2880 1743 2919 crit.
