1982 3256
272 234 354 278 244
810 211 1082 274 'Epigrammata
1105 210 1328 272 sepulcralia.

272 345 392 384 *601
447 344 609 382 Romae.
664 340 707 379 0.
727 340 759 379 I.
785 339 901 379 6230.

480 425 566 467 Τὸν
597 424 735 480 σοφίῃ
765 417 1014 479 προῦχοντα
1046 420 1120 464 καὶ
1153 417 1375 479 εὗτεκνίης
1405 417 1618 478 ἀροτῆρα,

473 491 549 535 τὸν
579 490 732 546 πατέρ’
766 485 978 547 ἡμέτερον
1014 488 1225 531 πολλοῖσι
1252 487 1428 545 χρόνοις
1457 488 1670 543 γεγαῶτα,

475 558 551 601 τὸν
579 557 675 614 τρὶς
705 553 1041 614 ἀριστεύσαντα,
1075 554 1151 598 σὺν
1181 553 1419 609 ἐντείμοισι
1449 554 1623 610 φίλοισι

479 621 684 668 Εῧτόνιοι
716 625 876 674 παῖδες
906 622 1060 680 πατέρ’
1092 619 1302 665 Εὗτόνιον
1328 623 1552 665 τεθνεῶτα

477 689 695 742 πολλάκις
723 687 982 747 ὑμνήσωμεν
1013 687 1158 738 ἐν<α>ὶ
1192 689 1398 746 στήλαισι
1429 688 1668 744 γραφέντα.

378 797 405 823 11
431 784 494 823 vel
521 795 567 821 111
594 795 692 821 saec.
722 804 769 811 —
801 782 820 818 1
852 784 1009 832 cocpfflc
1036 780 1149 830 lapis,
1179 775 1284 841 σοφίη
1315 780 1479 818 Brunck.
1535 778 1717 818 Fortasse
1751 781 1891 828 poetae

275 850 435 889 alicuius
464 847 589 884 locum
614 845 717 883 male
743 844 917 882 imitatus
945 843 1108 893 scriptor
1136 837 1262 903 σοφίης
1292 842 1461 880 dederat.
1481 863 1531 870 —
1551 842 1573 879 3
1591 840 1747 880 notavit
1763 839 1891 878 Franz

275 907 348 964 τρίς
390 921 504 948 sensu
543 907 735 945 tralaticio
774 918 977 957 perperam
1017 917 1105 942 cum
1146 905 1264 943 verbo
1304 905 1474 954 positum
1521 908 1780 954 conpar-atque
1818 915 1892 954 τρις

277 964 458 1025 ἀριστευς.

280 1156 413 1194 *602.
467 1154 627 1193 Romae.
667 1151 710 1191 G.
738 1151 767 1189 Ι.
797 1150 911 1189 6324.

548 1265 954 1277 ..........
980 1236 1178 1290 χρησμῷ
1209 1232 1322 1290 πρὸς
1352 1231 1499 1290 πάλην

549 1332 822 1344 .......
858 1295 937 1343 κᾶν
966 1296 1114 1355 ἶ]μᾶσι
1145 1299 1338 1356 τεχνείτῃ
1368 1297 1492 1342 τόνδε

548 1370 740 1425 κλειν]ῆς
764 1363 988 1424 Ὀφελλίῳ
1020 1363 1225 1422 θαν[όντι
1258 1368 1370 1423 φῶς]
1407 1363 1582 1421 πάτρας

547 1434 700 1490 μνείας
732 1432 876 1491 [ἕκητι
906 1433 1048 1488 τεῦξε]
1081 1429 1352 1488 ΖΙἸάρκελλος
1383 1428 1537 1487 τάφον.

383 1541 414 1567 11
442 1527 598 1567 saeculi.
626 1549 675 1555 —
695 1524 868 1573 Titulus,
905 1525 937 1562 si
971 1524 1125 1575 quidem
1159 1536 1252 1561 vera
1284 1523 1365 1562 fere
1393 1521 1589 1573 supplevi,
1616 1521 1721 1560 haud
1748 1521 1899 1572 vulgari

281 1593 486 1631 verborum
521 1589 655 1627 ordine
690 1587 863 1637 insignis.
917 1587 980 1624 Ex
1008 1599 1094 1624 meo
1122 1586 1364 1637 apographO,
1398 1598 1522 1636 neque
1550 1585 1671 1623 errari
1703 1581 1834 1634 'potuit
1859 1583 1900 1620 in

279 1669 321 1693 re
354 1659 508 1704 aperta,
543 1657 646 1689 certa
680 1655 768 1688 sunt
801 1663 835 1687 v.
856 1649 879 1686 2
914 1659 1007 1686 AAcr
1042 1653 1081 1686 et
1116 1661 1148 1687 v.
1171 1649 1192 1686 3
1222 1659 1389 1696 nATPAc,
1425 1660 1524 1699 quae
1557 1652 1700 1685 temere
1734 1645 1901 1683 mutavit

283 1717 421 1755 Franz.
485 1713 694 1752 Obscurius
728 1716 788 1750 est
822 1711 1017 1761 quomodo
1054 1723 1185 1749 versus
1220 1711 1411 1749 distributi
1451 1709 1593 1747 fuerint
1622 1704 1668 1747 in
1709 1708 1838 1759 lapide
1879 1720 1902 1745 a

284 1779 445 1818 sinistra
470 1776 620 1815 mutilo,

286 1985 422 2024 *6021
477 1984 637 2022 Romae.
692 1982 735 2021 C.
762 1982 793 2020 I.
823 1981 935 2020 6231.

491 2067 647 2123 Κῆρυξ
676 2065 750 2108 καὶ
783 2060 927 2118 τάφος
957 2061 1047 2117 εἰμὶ
1078 2066 1243 2122 βροτοῦ
1274 2061 1419 2122 πάρος
1439 2055 1698 2120 ἆρχεχόροιο

609 2129 826 2185 Εὖτύχους
857 2128 1021 2183 αἰάζων
1052 2133 1166 2188 κῆρα
1195 2125 1499 2185 μινυνθάδιον,

488 2195 539 2250 ὃς
573 2202 752 2256 θνητοῖς
783 2197 926 2256 ψυχὴν
957 2198 1116 2248 πείσας
1146 2195 1222 2239 ἐπὶ
1253 2195 1452 2250 σώμασιν
1481 2195 1631 2238 ἐλθεῖν

601 2266 680 2323 τὴν
711 2263 859 2316 αὑτοῦ,
891 2265 1064 2320 μέλεος,
1099 2261 1178 2307 οὐκ
1211 2261 1418 2307 ἀνέπεισε
1448 2262 1606 2317 μένειν.

393 2370 420 2397 11
449 2359 510 2396 vel
538 2369 584 2395 111
620 2358 776 2397 saeculi.
805 2380 852 2386 -
884 2358 897 2394 1
932 2356 1122 2406 choragus
1150 2355 1226 2393 fuit
1250 2354 1456 2406 Eutyches.
1487 2377 1533 2382 —
1562 2353 1586 2391 2
1614 2365 1706 2392 cave
1732 2352 1902 2403 corrigas

291 2416 527 2473 μινυνθαδίην.
558 2443 604 2449 -
635 2421 656 2458 3
678 2433 734 2470 sq.
779 2419 968 2458 sententia
1002 2424 1140 2468 arguta
1172 2430 1310 2467 parum
1342 2417 1438 2455 bene
1466 2427 1663 2466 expressa.
1700 2414 1903 2465 'Explicat

289 2483 568 2521 Wilamowitz:
596 2486 628 2520 is
657 2485 720 2531 qui
745 2481 958 2521 mortalibus
984 2481 1200 2530 corporibus
1219 2482 1380 2518 animam
1405 2479 1601 2528 (alienam)
1622 2478 1766 2526 indidit,
1794 2489 1902 2515 suam

291 2551 409 2583 tenere
434 2557 507 2582 non
535 2547 666 2594 potuit.
722 2544 797 2584 Sed
829 2545 922 2582 haec
956 2544 989 2582 si
1021 2549 1121 2581 recte
1154 2542 1336 2592 intellego
1363 2554 1447 2580 ‘non
1484 2539 1690 2591 coryphaei
1718 2545 1807 2578 sunt
1833 2539 1901 2578 sed

290 2606 591 2645 chorodidascali
630 2606 688 2645 vel
723 2613 876 2657 poetae3
916 2607 1112 2658 intellego:
1153 2607 1218 2655 qui
1251 2617 1332 2643 cum
1366 2606 1509 2641 animos
1544 2603 1766 2641 audient-ium
1804 2603 1904 2640 curis

291 2670 484 2706 distractos
521 2670 573 2705 ad
607 2682 765 2718 corpora
799 2676 1004 2718 revocaret,
1045 2681 1149 2707 suum
1184 2668 1227 2718 (i.
1265 2680 1291 2707 e.
1327 2679 1432 2705 suam
1466 2666 1645 2716 animam)
1678 2678 1723 2703 ne
1756 2676 1902 2702 manere

292 2733 436 2780 quidem
464 2733 501 2768 in
529 2743 679 2779 corpore
709 2744 835 2779 coyere
859 2738 992 2781 posset.

1955 0 1969 25 »d
