1982 3256
245 230 330 274 384
797 228 1058 274 Epigrammata
1082 227 1303 264 dedicatoria.

514 333 572 387 ὡς
599 335 661 394 μὴ
693 336 826 393 φέροι
853 352 920 387 τις
951 330 1103 390 αἶσχος
1133 332 1529 392 ἀποκισσούμενος·

429 408 453 450 5
512 402 615 460 ἐ]γώ
646 403 683 445 δ’
716 399 886 460 ἑκάστῳ
915 401 1076 446 τόσσον
1105 401 1305 455 εὐκλείας
1334 403 1464 458 νέμω,

514 471 618 512 καθ’
656 467 790 512 ὅσσον
820 465 939 526 αὐτῷ
968 468 1092 521 ξυνὸς
1122 466 1181 513 ὢν
1207 467 1463 526 ὀφείλομαι.

350 573 381 599 11
408 561 485 599 fere
517 574 555 612 p.
585 560 673 600 Chr.
703 574 740 598 n.
778 560 933 599 saeculi.
961 583 1012 590 —
1041 562 1063 599 3
1090 561 1287 613 legebatur
1314 577 1364 614 με
1390 561 1531 611 θέντες,
1565 563 1731 602 correxit
1754 561 1862 618 Neu-

248 626 376 663 bauer.
430 623 603 662 Victoria
630 623 749 661 dubia
776 622 911 661 fuerat.
942 646 988 651 —
1018 623 1041 661 5
1061 636 1117 674 sq.
1147 631 1266 674 prout
1299 626 1449 674 quisque
1483 626 1536 663 ad
1568 637 1624 663 me
1651 626 1879 684 pertendam>

250 687 408 735 contulit,
434 699 540 724 suam
566 688 695 735 cuique
722 686 843 724 laudis
862 693 1014 735 partem
1042 687 1172 725 tribuo.

249 904 378 943 *928
441 905 605 944 Athenis
644 905 684 942 in
727 904 876 943 theatro
911 904 1091 956 Dionysi.
1153 905 1404 989 Rhusopulus
1436 906 1590 956 Ephem.
1632 905 1877 945 aroh 1862

248 967 392 1007 n.165.

455 1049 599 1092 Νίκαν
626 1048 707 1104 μὲν
738 1048 1026 1103 Πτολεμαίου
1057 1048 1283 1105 ἐπώνυμοι
1307 1047 1568 1101 Ἀτταλίὸας
1596 1066 1644 1093 τε

573 1115 681 1167 λαὸς
712 1115 808 1160 ἕλεν
839 1109 984 1172 φυλᾶς
1012 1118 1048 1158 τ’
1081 1113 1254 1173 ἔκγονοι
1276 1113 1513 1175 Ἀὂριανοῢ

451 1182 671 1240 Αἱγείὸας
700 1200 746 1226 τε
777 1183 1109 1240 φερεστέφανος
1138 1184 1456 1227 Πανόειονίόαι
1484 1200 1532 1227 τε
1595 1193 1598 1196 ’

576 1244 687 1305 αἷμά
715 1252 751 1293 τ’
778 1247 1073 1307 Ἐρεχθειδᾶν,
1106 1252 1263 1304 κοῦροι
1293 1249 1560 1307 ἓγερσιβόαι.

372 1322 396 1362 5
457 1317 698 1375 ῥυθμοῖσιν
729 1319 765 1359 δ’
798 1316 985 1360 ἕσποντο
1020 1314 1348 1366 πολυπτύκτοις
1371 1312 1685 1373 Ἀγαθοκλεῢς,

576 1386 779 1441 τα]ρσοῖς
808 1380 1031 1438 αὐλοβὸαν
1061 1380 1268 1437 Ζώσιμον
1299 1377 1547 1436 ὀσσόμενοι.

454 1468 605 1496 nomen
637 1483 646 1492 .
681 1454 709 1507 .]
743 1445 871 1508 ἆρχεν
895 1447 1151 1500 Ἀθανάοις,
1184 1449 1326 1492 ἔντυνε
1357 1450 1405 1492 δὲ
1435 1448 1614 1503 μολπάν

578 1549 806 1560 ......
839 1533 912 1568 νος
943 1518 1142 1573 ψαλμοῖς
1172 1513 1492 1574 ἆμφικρότοισι
1527 1515 1730 1574 Τρύφων.
1782 1535 1796 1582 Ἴ·

454 1602 606 1630 nomen
637 1616 646 1626 .
681 1616 690 1626 .
726 1616 733 1625 .
769 1616 778 1625 .
813 1582 1001 1627 ιάνασσα
1029 1581 1232 1639 χοραγία,
1266 1580 1383 1641 ἀμφὶ
1414 1585 1462 1627 δὲ
1491 1583 1592 1627 νίκα

351 1655 403 1697 10
575 1650 736 1694 ἕσπετο
769 1648 810 1692 οἱ
842 1649 1012 1709 κλειν]ά
1042 1652 1077 1692 τ’
1108 1647 1270 1706 ἆγλαία
1300 1649 1528 1708 τρίποδος.

356 1744 609 1795 Epigramma
635 1742 837 1780 Hadriano
865 1741 967 1779 haud
994 1742 1049 1780 ita
1076 1742 1199 1780 multo
1226 1742 1415 1780 recentius
1443 1742 1583 1792 tripodi
1610 1742 1869 1794 subscriptum

253 1807 335 1853 fuit,
363 1807 430 1857 qui
456 1818 532 1856 quo
559 1805 643 1843 loco
669 1804 857 1843 rotundae
884 1804 973 1842 basi
1001 1804 1144 1843 infixus
1173 1804 1286 1842 fuerit
1314 1805 1534 1844 etiamnunc
1549 1804 1680 1855 prodit
1696 1803 1869 1844 foramen

255 1870 349 1909 satis
376 1881 567 1919 magnum.
596 1889 641 1895 -
661 1866 875 1906 Choreutae
902 1881 951 1905 ex
977 1867 1097 1906 variis
1125 1867 1301 1905 tribubus
1320 1867 1430 1905 electi
1449 1867 1612 1915 fuerunt,
1639 1866 1868 1906 chorodida-

256 1933 383 1971 scalus
416 1932 594 1981 idemque
620 1935 734 1980 poeta
774 1929 1009 1980 Agathocles
1050 1930 1105 1980 (v.
1126 1929 1185 1979 5),
1227 1929 1369 1967 tibicen
1400 1929 1602 1977 Zosimus,
1642 1935 1870 1980 praecentor

257 1996 463 2047 Tryphon,
500 1993 652 2043 choregi
690 1997 728 2030 et
766 1992 960 2030 archontis
1003 1993 1159 2031 nomina
1193 1992 1386 2042 perierunt
1393 2005 1404 2038 3
1445 1991 1491 2030 cf.
1531 1990 1677 2030 Simon.
1717 2003 1775 2041 ep.
1799 1991 1871 2030 148

255 2059 312 2096 ed.
341 2058 402 2098 13³,
433 2077 480 2085 -—
507 2056 530 2094 5
550 2065 813 2093 ΑΓΑΘΟΚΛΕΥΕ
838 2054 1019 2100 Koehler‚
1046 2055 1153 2092 cuius
1179 2049 1383 2092 lectionem
1409 2065 1560 2091 mecum
1586 2051 1870 2091 conmunicavit

255 2120 464 2158 Neubauer
473 2133 484 2165 3
525 2117 775 2168 Rhusopulus
809 2121 848 2154 et
883 2129 952 2167 ego
988 2127 1239 2155 ΑΓΑΘοκΛειε
1272 2116 1443 2167 legimus,
1476 2137 1527 2143 —-
1562 2116 1584 2153 6
1621 2124 1743 2155 ποις
1781 2109 1869 2164 legi,

257 2192 379 2220 Acmc
412 2180 659 2219 Cumanudes
687 2180 829 2218 Philist.
859 2179 917 2216 III
944 2180 1015 2218 461
1046 2194 1057 2226 3
1097 2178 1241 2231 ταρσοῖς
1267 2178 1471 2228 proposuit
1511 2176 1774 2215 Wilamowitz
1816 2177 1872 2218 sic

258 2244 336 2282 fere
369 2243 563 2293 explicans
596 2243 826 2292 Tryphonem
865 2244 1039 2279 intuentes
1072 2243 1125 2279 ad
1158 2244 1302 2290 eiusque
1333 2240 1441 2277 tibias
1473 2252 1579 2277 suum
1606 2240 1871 2287 conformantes

258 2307 427 2355 9radum,
456 2317 555 2354 quae
582 2305 787 2354 explicatio
816 2303 1028 2353 quamlibet
1059 2303 1234 2354 inpedita
1260 2315 1352 2341 vera
1379 2314 1462 2340 esse
1487 2304 1628 2351 potest.
1658 2322 1709 2329 -
1736 2300 1759 2338 8
1786 2300 1869 2338 fue-

260 2367 311 2404 rit
343 2366 587 2416 participium
632 2366 737 2404 velut
776 2359 1013 2417 μελπόμενος.
1044 2388 1090 2394 -—
1125 2365 1148 2403 9
1175 2365 1372 2415 ingeniose
1411 2363 1670 2402 Wilamowitz
1709 2363 1765 2400 ita
1801 2363 1872 2406 hoc

260 2428 448 2467 distichon
479 2427 695 2477 temptavit:

528 2505 629 2563 ἀμφὶ
657 2508 689 2549 δ’
709 2504 887 2564 ἸΑὙρων]ι
915 2506 1062 2551 duco-oe
1087 2508 1264 2564 ΧαροιὙίοι,
1294 2505 1395 2564 ἀμφὶ
1422 2507 1460 2549 δὲ
1487 2505 1580 2549 Νίκα

629 2571 758 2612 ἔπλετο
786 2569 997 2626 κυδαλίμμ
1025 2576 1058 2612 τ’
1079 2570 1249 2623 ἈὙλοιιόι
1275 2569 1448 2626 τρίποδος,

260 2658 302 2696 in
336 2657 473 2707 quibus
508 2656 633 2707 placet
665 2670 757 2696 sane
783 2654 870 2708 Νίκη
905 2659 994 2705 dea,
1035 2659 1204 2708 placeret
1236 2659 1350 2698 etiam
1377 2652 1561 2710 Χορουγίοι,
1602 2654 1636 2694 si
1668 2667 1744 2693 non
1785 2667 1871 2693 cum

260 2720 434 2759 Victoria
473 2720 675 2757 coniuncta
715 2726 834 2769 esset,
852 2763 854 2765 ,
874 2722 1053 2771 displicet
1091 2722 1207 2771 plane
1247 2733 1372 2771 neque
1411 2719 1503 2758 ferri
1543 2722 1671 2767 potest
1703 2711 1870 2766 ἈὙλοιίοι

260 2777 435 2835 τρίποδος
477 2794 709 2832 quamquam
741 2783 843 2820 enim
884 2783 979 2832 quid
1019 2784 1059 2820 in
1097 2783 1169 2821 hac
1205 2783 1328 2833 figura
1366 2782 1451 2820 ausi
1491 2781 1570 2819 sint
1606 2785 1754 2819 veteres
1793 2791 1871 2817 non
1913 2782 1926 2831 ¹.

261 2845 400 2894 nescio,
427 2844 487 2882 his
514 2848 645 2883 tamen
673 2846 814 2883 similia
840 2857 911 2882 nec
938 2844 1070 2894 Haupt
1096 2845 1235 2883 adtulit
1262 2844 1419 2894 (Opaca.
1450 2843 1486 2881 ΙΙ
1517 2842 1588 2881 166
1605 2843 1722 2892 sqq.).
1777 2840 1872 2879 Mihi
1946 2851 1949 2853 ’
