1982 3256
279 272 331 314 38
823 269 1084 315 Epigrammata
1106 268 1325 314 sepulcralia.

384 394 414 419 11
450 382 602 420 saeculi.
637 402 684 409 —
723 381 746 418 6
780 380 907 430 suppl.
942 380 1041 431 Aug.
1074 381 1167 419 Mau
1198 381 1363 429 amicus,
1398 381 1473 420 nisi
1505 382 1608 432 quod
1635 378 1753 422 ἔλυσα,
1778 383 1892 433 posui

279 462 348 499 pro
376 444 535 497 ἔκαμφοι
558 443 781 492 EuripideO.
801 465 850 470 —
871 443 893 480 8
921 450 1010 481 ante
1036 434 1217 494 ῥητορικήν
1245 448 1333 481 octo
1362 443 1440 482 fere
1467 444 1679 482 litterarum
1708 443 1886 495 spatium.

278 506 549 547 Wilamowitz:
580 501 733 556 πείρα-τοι
765 503 946 557 ῥητορικῆς
980 499 1041 543 καὶ
1079 499 1205 556 σοφίης
1239 502 1382 556 ἔλαβον.
1446 506 1669 547 Extremum
1703 505 1890 546 disfiehon

278 571 437 621 periisse
464 567 663 617 probabile
690 571 761 614 est,
790 580 867 616 quo
896 567 961 617 qui
988 567 1240 618 interrogavit
1276 568 1427 607 salvere
1452 569 1600 608 iuberet
1633 568 1866 607 defunctum.

281 755 359 792 111.
429 753 578 804 Cippus
623 752 779 798 atticus,
825 753 935 791 cuius
979 754 1132 791 titulum
1175 754 1215 791 in
1255 765 1388 792 museo
1427 753 1652 792 Britannico
1693 752 1896 803 descripsit

282 816 460 855 Welcker
487 815 680 864 ediditque
707 814 807 852 Mus.
838 816 906 853 Rh.
936 815 991 853 VI
1019 815 1079 854 82.

653 905 706 948 ‘O
737 909 877 964 δῆμος
906 911 1109 966 Ληναῖον
1134 905 1475 966 Ἀρτεμιδώρου.

453 976 542 1016 Καὶ
572 974 620 1016 τὸ
654 973 759 1029 πρὶν
788 973 832 1016 ἐν
865 975 1080 1029 πολέμοις
1109 977 1254 1033 τηρῶν
1283 973 1462 1032 πύργον,
1496 977 1734 1032 παροδῖτα,

553 1041 627 1082 καὶ
659 1042 730 1081 νῦν
763 1039 956 1098 τηρήσω,
990 1038 1049 1093 ὡς
1080 1039 1284 1096 δύναμαι,
1316 1042 1440 1093 νέκυς
1470 1037 1542 1085 ὧν.

386 1144 488 1181 Ludi
528 1143 679 1181 videtur
720 1143 761 1181 in
794 1144 979 1182 vocabulo
1013 1139 1164 1193 πιΙοὙος,
1208 1145 1309 1195 quod
1342 1158 1377 1182 v.
1402 1146 1417 1182 l
1457 1144 1595 1182 turrim
1628 1145 1800 1196 aliquam
1834 1159 1896 1185 ar-

282 1206 354 1244 mis
389 1205 669 1244 defendendam
705 1206 912 1255 significat,
950 1219 986 1244 v.
1008 1206 1030 1244 2
1059 1207 1090 1244 si
1117 1213 1218 1246 recte
1245 1207 1437 1246 intellexit
1463 1206 1726 1253 Wilamowitz
1750 1207 1802 1249 de
1826 1208 1897 1254 Die

283 1268 374 1319 pylo
401 1267 664 1317 accipiendum
692 1272 762 1307 est.

286 1429 371 1467 112.
412 1430 565 1480 Aegina
590 1431 630 1468 in
656 1432 793 1471 insula.
834 1433 882 1471 In
909 1434 1040 1471 herma
1068 1433 1289 1484 anaglypho
1316 1434 1492 1484 expressi
1519 1437 1626 1472 stant
1651 1433 1712 1471 vir
1737 1434 1898 1473 vestitus

288 1498 325 1530 et
351 1505 445 1541 puer
470 1492 594 1530 nudus
623 1494 748 1543 strigil
775 1500 812 1532 et
839 1495 986 1534 discum
1012 1496 1188 1534 manibus
1215 1502 1358 1535 tenens.
1400 1497 1465 1534 Ex
1494 1495 1698 1547 stephanii
1717 1496 1898 1547 Pareryis

288 1555 390 1593 arch.
420 1554 515 1604 (IX)
544 1554 632 1593 Keil
658 1556 794 1595 Philol.
824 1557 918 1596 VIII
948 1558 1032 1595 174.

482 1644 684 1706 Ἀντιοχῆ
719 1650 974 1702 Θεμίσωνος
1003 1646 1291 1707 ἆεθλοφόρον
1321 1649 1441 1702 κόνις
1471 1649 1550 1708 ἥδε

571 1712 725 1757 nemea
756 1715 972 1774 ὁωδεχέτη
1003 1717 1146 1759 παῖδα
1182 1716 1500 1774 Θεμιστοκλέα,

493 1797 542 1832 ος
569 1780 735 1835 βουλᾶν
764 1781 839 1824 καὶ
870 1780 1042 1840 θάρσος
1073 1799 1180 1836 εχων
1207 1780 1267 1826 ι”σ
1291 1780 1505 1841 ομωνύμῳ
1538 1780 1668 1842 ἀνδρί

576 1845 785 1905 θν]η’σκει
815 1846 893 1907 τὴν
921 1851 1091 1906 μοιρῶν
1122 1847 1174 1892 οὐ
1203 1849 1445 1907 προφυγὼν
1474 1849 1669 1905 δύναμιν.

397 1952 569 1989 Litterae
595 1963 638 1988 ΡΣ
666 1951 866 1989 meliorem
894 1957 1124 1991 testarentur
1150 1958 1328 2001 aetatem,
1354 1954 1429 1992 nisi
1455 1954 1588 1992 dativo
1614 1968 1652 1993 v.
1671 1955 1694 1994 3
1721 1954 1804 1992 iota
1829 1952 1899 1992 ad-

298 2014 486 2063 scriptum
520 2026 597 2051 non
630 2019 744 2051 esset.
761 2035 810 2041 —
825 2013 968 2064 Recepi
1001 2015 1099 2053 inter
1133 2016 1251 2053 attica
1283 2021 1448 2066 propter·
1468 2017 1628 2055 nomina
1653 2020 1694 2056 et
1718 2015 1840 2067 patris
1866 2020 1905 2053 et

294 2075 376 2122 filii,
404 2076 476 2112 etsi
503 2088 602 2124 quae
630 2081 718 2112 tunc
746 2076 928 2124 temporis
954 2078 1226 2126 Aeginetarum
1255 2090 1340 2116 sors
1367 2079 1482 2116 fuerit
1506 2079 1714 2119 nescimus:
1742 2082 1903 2130 possunt

295 2150 342 2174 ex
370 2137 584 2186 antiquiore
611 2143 782 2186 tempore
809 2138 1062 2176 Athenienses
1089 2139 1129 2176 in
1156 2140 1282 2178 insula
1309 2141 1436 2178 vicina
1461 2141 1704 2180 remansisse.
1751 2139 1902 2178 Tamen

293 2202 453 2247 propter
479 2200 634 2236 nomina
660 2212 749 2236 vere
776 2199 892 2236 attica
919 2212 966 2237 ne
993 2201 1079 2248 quis
1098 2201 1345 2240 Antiochiam
1371 2215 1514 2253 pagum
1541 2203 1702 2241 atticum
1718 2207 1903 2251 recoquat

295 2273 409 2297 unum
443 2273 590 2298 moneo.
644 2261 849 2298 Mulierum
884 2262 1088 2299 atticarum
1122 2264 1342 2301 nominibus
1374 2276 1451 2301 non
1485 2264 1565 2302 fere
1591 2265 1746 2315 adiungi
1772 2278 1810 2302 το
1840 2259 1901 2313 δη-

297 2336 379 2372 μοτι
372 2337 440 2359 κον
471 2327 533 2360 sat
566 2327 699 2360 notum
732 2329 808 2370 est,
842 2323 949 2360 cuius
984 2324 1138 2373 quidem
1170 2325 1225 2362 rei
1259 2326 1412 2364 omissis
1441 2326 1638 2364 fraudibus
1663 2326 1902 2364 Lenorman-

300 2384 412 2421 tianis
440 2384 641 2422 rarissima
669 2390 756 2422 sunt
781 2385 976 2435 exempla3
1005 2386 1190 2424 uxoribus
1218 2400 1321 2432 vero,
1349 2388 1421 2426 nisi
1447 2388 1515 2426 ubi
1541 2388 1751 2427 recentiore
1777 2380 1904 2425 aetate

298 2445 392 2482 civis
425 2446 541 2482 attica
573 2446 774 2497 peregrino
810 2447 982 2496 nupserit
1017 2447 1195 2497 (cuman.
1229 2449 1357 2498 1108),
1392 2461 1588 2500 nunquam
1620 2449 1791 2496 additum
1825 2462 1903 2488 non

299 2507 398 2544 enim
433 2508 505 2545 huo
531 2509 675 2546 referes
703 2509 855 2546 titulum
881 2521 1066 2548 romanae
1092 2510 1228 2548 aetatis
1256 2510 1417 2568 Cuman.
1446 2512 1533 2550 939.
1586 2511 1903 2553 Antiochensium

300 2573 434 2606 contra
459 2569 660 2606 mulierum
687 2571 828 2621 ubique
854 2571 1076 2610 nominatur
1103 2572 1242 2622 patria,
1270 2573 1352 2611 sive
1378 2574 1524 2612 civibus
1552 2574 1678 2612 atticis
1705 2585 1772 2611 seu
1794 2585 1902 2622 pere-

299 2631 419 2680 grinis
460 2632 666 2680 nupserint.
726 2634 834 2671 Haec
874 2634 974 2671 enim
1014 2640 1071 2671 est
1104 2646 1235 2672 eorum
1268 2636 1467 2674 titulorum
1499 2636 1626 2674 forma
1657 2633 1676 2685 ἡ
1711 2632 1806 2673 δὲινοι
1837 2649 1901 2673 του

301 2689 394 2729 ὃεινοι
424 2684 662 2743 ΠΑντιοχιο-σοι
702 2710 765 2732 του
809 2692 902 2732 δεῖνα,
942 2688 1043 2744 Ὑυνῆ.
1099 2695 1310 2768 Nunquam
1342 2703 1543 2747 praeterea
1572 2697 1825 2735 Athenienses
1858 2695 1905 2734 de
1967 2738 1969 2745 ,

298 2765 484 2802 pagorum
503 2755 719 2793 nominibus
748 2769 910 2805 quorum
938 2749 1160 2809 δημοτικόν
1149 2772 1313 2803 ιιι-ευς
1333 2760 1473 2798 desinit
1497 2758 1660 2803 formam
1677 2758 1903 2797 femininam
1970 2760 1971 2764 ’

301 2815 503 2852 finxerunt.
564 2815 697 2864 Itaque
731 2818 1006 2857 Themistocles
1047 2820 1292 2858 Themisonis
1331 2821 1358 2859 f.
1398 2833 1476 2858 non
1514 2821 1606 2859 civis
1639 2820 1789 2859 Atticus
1819 2820 1903 2870 fuit,

305 2876 370 2915 sed
398 2877 681 2926 Antiochensis,
709 2891 846 2921 eorum,
869 2893 970 2929 vem,
998 2882 1063 2931 qui
1088 2881 1247 2932 plurimi
1273 2882 1441 2923 Athenis
1463 2882 1690 2923 incolebant.
