1982 3256
240 205 324 246 470
861 199 1126 244 Epigrammata
1150 198 1254 233 varia.

241 315 372 353 Herm.
406 316 518 365 Orpk.
548 314 690 361 Arqon.
723 311 808 350 262.
829 333 856 339 -
898 311 948 347 54
975 309 1161 359 Cecropis
1188 310 1287 348 filias
1314 310 1386 348 etsi
1413 310 1628 349 sacerdotes
1655 309 1851 348 Minervae

242 378 358 415 fuisse
384 390 459 414 non
486 376 671 414 traditum
700 379 775 420 est,
811 372 923 410 facile
949 376 1079 410 tamen
1106 372 1196 411 inde
1230 372 1304 410 sibi
1336 372 1481 420 fingere
1512 377 1691 422 poterant
1721 384 1850 411 recen·

242 440 368 486 tiores,
396 438 496 487 quod
523 437 600 474 illis
627 436 700 474 dea
717 434 1012 472 Erichthonium
1038 433 1328 472 custodiendum
1349 434 1518 472 dederat.
1560 432 1704 472 Hersen
1722 436 1851 472 autem

240 502 313 538 hoc
346 501 429 538 loco
462 499 594 537 eadem
628 510 705 546 qua
738 508 857 545 supra
889 509 924 534 v.
946 496 995 534 32
1030 496 1179 534 ratione
1212 496 1409 534 Pandrosi
1443 499 1575 546 partes
1607 508 1721 546 agere
1758 501 1852 547 puto

241 564 383 612 quippe
409 574 508 610 quae
535 560 618 598 sola
644 559 764 597 cistae
789 570 930 596 arcano
958 570 1034 595 non
1061 559 1238 608 inspecto
1265 559 1360 596 deae
1385 558 1550 608 gratiam
1575 557 1649 596 sibi
1675 557 1850 596 servarit.

241 646 288 653 --
305 624 354 661 56
381 616 513 674 ἕμπνια,
541 621 695 661 Cereris
721 633 931 671 cognomen
958 625 1028 668 est,
1056 620 1160 670 quod
1188 632 1274 658 cum
1302 634 1379 659 non
1405 619 1770 658 animadvertissent
1793 619 1850 656 in-

243 692 432 736 terpretes
460 685 677 723 Domitiam
706 682 856 721 Aurelii
882 686 1046 720 matrem
1077 682 1362 733 intellegebant.
1414 682 1467 720 At
1493 680 1613 721 ceree
1642 681 1719 720 hoo
1750 686 1853 720 certe

240 750 324 787 loco
350 761 427 786 non
453 751 585 798 potest
611 747 688 785 alia
715 758 798 784 esse
824 745 899 783 nisi
926 745 1014 795 ipsa
1031 745 1233 793 Faustina,
1262 757 1360 794 quae
1385 744 1532 794 optime
1549 743 1702 782 Aurelii
1725 747 1853 782 mater

241 811 429 862 adpellari
454 810 595 860 potuit.
650 808 716 848 Sic
751 807 924 858 procedit
958 808 1168 845 sententia:
1211 807 1303 845 nolit
1333 820 1412 845 eam
1446 808 1643 856 dedignari
1668 806 1853 846 Faustina

241 875 328 920 dea3
368 884 482 921 neque
518 874 612 910 enim
638 871 810 908 Minerva
846 870 993 908 Hersen
1027 882 1093 907 nec
1124 870 1255 907 Diana
1287 870 1516 918 Iphiyeniam
1549 869 1750 918 dediqnata
1781 874 1869 906 est:

239 938 292 973 sic
317 947 382 972 nec
410 935 596 972 Faustina
624 939 782 970 veterum
808 933 1044 970 heminarum
1071 933 1295 969 dominatrix
1321 932 1501 980 Reqillam
1531 937 1678 981 spernet
1710 932 1852 979 superi-

241 998 363 1035 oribus
391 997 545 1034 heroinis
573 996 765 1033 adscitam.
793 1017 843 1022 —
872 994 920 1032 59
948 1004 1067 1031 ΑΥτΗι
1094 994 1213 1044 lapis3
1241 994 1322 1031 iota
1347 993 1526 1031 abundat.
1553 1014 1603 1022 —
1629 993 1676 1030 71
1700 991 1852 1031 Gallim.

241 1061 361 1109 hymn.
400 1059 521 1097 Cerer.
558 1057 607 1095 47
643 1049 713 1101 S'rtg
747 1049 794 1094 τοὶ
829 1055 961 1096 θεοῖο-ιν
994 1054 1158 1107 ἀνειμένοι
1193 1054 1337 1108 δένδρεα,
1370 1047 1522 1100 κόπτεις.
1550 1077 1600 1083 —
1629 1056 1676 1094 76
1709 1049 1767 1108 'an'
1787 1069 1854 1094 τωι

241 1116 392 1170 νῆποινον
420 1120 502 1158 scil.
531 1117 614 1157 εἶ’νοιι
650 1119 711 1157 vel
743 1116 905 1158 ἔσεσθαι.
936 1140 981 1146 -
1012 1119 1061 1157 77
1090 1117 1225 1171 ἀτρεῖες
1258 1131 1329 1167 pro
1364 1116 1493 1169 οἰτρῆες
1520 1118 1721 1168 scriptum,
1756 1117 1854 1156 sicut

242 1196 276 1221 v.
297 1184 345 1221 96
373 1176 454 1220 νειόν
482 1195 553 1231 pro
580 1176 666 1230 νηόν.
721 1181 955 1221 Accusativo
991 1178 1105 1231 οἰτρέοι
1137 1193 1230 1219 usus
1265 1185 1325 1218 est
1351 1179 1553 1230 Euphorio
1579 1180 1624 1220 fr.
1645 1180 1693 1219 95
1721 1179 1852 1227 Mein.;

240 1245 287 1283 cf.
325 1257 443 1294 supra
477 1257 512 1281 n.
536 1243 609 1281 222
643 1237 675 1281 ui*
708 1238 835 1295 μοίρας
869 1235 1027 1294 aiz-piston
1063 1241 1337 1294 οἰναὙκοισ-τῆρες
1371 1235 1554 1293 οἵτροικτοι.
1581 1265 1631 1271 -
1658 1242 1708 1282 82
1736 1252 1786 1280 eu
1817 1241 1853 1280 ἐν

240 1321 310 1357 pro
338 1307 371 1351 ἒς
398 1307 567 1357 positum
600 1318 683 1344 esse
709 1318 822 1342 nemo
848 1318 934 1344 cum
964 1303 1154 1343 Salmasio
1181 1305 1324 1351 credet3
1359 1302 1408 1343 ἄν’
1439 1297 1558 1344 dmm
1584 1305 1734 1353 Iacobo,
1761 1304 1852 1343 faci·-

240 1369 314 1407 lius
342 1369 469 1406 Franz
496 1368 551 1407 ἐπ’
581 1367 754 1414 coniecit,
790 1380 888 1416 quae
911 1367 1147 1416 praepositio
1174 1359 1273 1406 κοιταὶ
1305 1359 1412 1406 κοινόν
1438 1367 1487 1406 ad
1514 1361 1643 1419 ὄρχους
1669 1373 1707 1406 et
1733 1360 1854 1406 ἄλσεα,

243 1435 282 1469 et
309 1428 403 1479 ποίην
429 1430 630 1468 referenda
657 1433 726 1468 est.
755 1452 805 1458 —-
834 1430 883 1467 84
910 1438 1043 1467 ΡΗΞειε
1070 1442 1146 1479 quo
1183 1435 1335 1467 servato
1361 1429 1571 1469 Salmasius
1604 1442 1765 1480 eumque
1796 1442 1855 1468 se-

238 1493 316 1530 cuti
344 1491 412 1529 alii
441 1489 571 1552 ὃμωη-
582 1490 760 1544 μοικέλλοι
787 1491 1034 1541 scripserunt.
1089 1492 1146 1529 At
1178 1492 1324 1530 erravit
1361 1492 1528 1542 lapicida
1553 1491 1672 1530 latina
1695 1491 1821 1530 forma
1835 1501 1856 1528 Ρ

238 1567 313 1604 pro
339 1567 475 1605 graeca
501 1566 522 1591 Π
550 1555 700 1603 posita,
739 1558 783 1592 ut
809 1565 926 1603 supra
952 1566 987 1590 v.
1009 1553 1056 1591 33
1086 1564 1224 1591 KHPYx
1253 1575 1304 1581 —
1331 1554 1380 1592 83
1407 1549 1536 1606 χλωροὶ
1569 1552 1728 1593 θέουσαν
1758 1553 1855 1591 satis

240 1618 335 1655 mire
362 1617 504 1654 dictum
530 1616 716 1666 exemplis
743 1616 967 1654 confirmare
993 1628 1069 1654 non
1097 1628 1208 1665 queo.
1236 1638 1286 1644 —
1314 1616 1361 1654 87
1392 1626 1567 1655 εκΓεΝοε
1594 1617 1700 1666 quod
1724 1615 1854 1655 nescio

241 1693 291 1717 an
318 1679 558 1729 probandum
586 1679 636 1717 sit
662 1679 719 1716 ita
746 1678 930 1727 scriptum
957 1692 1019 1716 κοιι
1046 1693 1088 1716 εκ
1112 1676 1211 1726 γένος
1239 1672 1450 1729 ἑσσάμενοιο
1477 1681 1541 1727 qui
1558 1681 1634 1717 eius
1653 1681 1717 1729 qui
1730 1681 1855 1729 posuit

234 1741 359 1789 proles
395 1747 455 1780 eet.
484 1762 533 1768 —
568 1741 617 1780 89
652 1751 781 1779 ecrwp
817 1740 943 1778 sched.
981 1739 1256 1779 Holstenianae
1288 1741 1526 1779 Barberinae
1559 1741 1665 1779 solae
1698 1751 1853 1789 excrun’,

241 1803 345 1852 quod
380 1803 555 1851 quamvis
589 1809 780 1842 structura
815 1802 920 1840 haud
955 1802 1136 1852 expedita
1170 1815 1304 1841 verum
1339 1803 1507 1842 videtur:
1547 1805 1682 1841 nemini
1720 1815 1854 1853 ayrum

242 1866 359 1903 colere
386 1865 524 1902 licitum
551 1871 643 1912 esto,
671 1871 822 1914 praeter
854 1877 914 1902 eos
939 1867 1003 1914 qui
1035 1866 1079 1902 de
1114 1866 1236 1902 eodem
1259 1878 1390 1914 genere
1414 1867 1496 1903 nati
1525 1868 1598 1904 sint
1624 1866 1699 1915 (leis
1732 1872 1854 1904 auum

240 1939 314 1964 non
346 1928 520 1965 inlicitum
516 1929 561 1977 );
599 1940 688 1965 nam
714 1930 747 1964 si
777 1930 858 1976 quis
882 1929 1038 1975 feeerit,
1075 1929 1124 1965 eis
1155 1927 1252 1964 ultor
1284 1928 1432 1976 quidam
1472 1931 1527 1966 rei
1565 1930 1734 1966 conscius
1774 1930 1851 1966 erit.

241 1989 300 2028 Cf.
331 1988 374 2027 G.
403 1989 432 2028 I.
463 1989 511 2028 26
539 1984 685 2041 ,udpwg
713 1984 853 2040 δαίμων
874 1985 1029 2027 Ἐνοὸίοι.
1058 2010 1107 2016 -
1135 1988 1184 2026 89
1212 1999 1512 2028 τεεΡικΘοΝιοΝ
1534 1983 1752 2042 Ἐριχθόνιον
1778 1990 1850 2042 βοι-

243 2051 351 2099 σιλῆοι
378 2051 548 2089 clausula
574 2051 768 2090 homerica
793 2064 842 2089 ex
868 2051 1003 2088 eodem
1029 2050 1114 2088 loco
1141 2050 1204 2098 (Il.
1222 2051 1263 2088 Y
1281 2052 1376 2100 219)
1405 2051 1621 2101 desumpta,
1657 2053 1757 2091 unde
1783 2054 1850 2092 do-

241 2113 404 2150 ctrinam
429 2117 547 2162 poeta
572 2114 752 2151 hauserat
779 2126 813 2152 v.
835 2114 883 2150 38
898 2125 1004 2162 sqq.;
1043 2113 1190 2162 absque
1216 2113 1290 2151 hoc
1315 2113 1435 2161 foret,
1469 2114 1605 2153 melius
1630 2122 1733 2154 certe
1757 2116 1851 2155 scri-

242 2174 382 2224 psisset
415 2169 476 2213 κοιὶ
509 2169 582 2228 «γοὶρ
610 2166 829 2227 Ἐριχθόνιόν
864 2177 942 2213 ποτ’
972 2169 1150 2223 Ἀθηναίη
1184 2174 1359 2226 βασιλῆα.
1417 2175 1498 2213 Pro
1537 2190 1579 2214 τε
1617 2191 1709 2217 vero
1748 2179 1850 2229 quod

242 2236 333 2274 ferri
359 2237 502 2286 nequit,
528 2237 661 2276 Herm.
695 2237 808 2287 Orph.
837 2250 872 2287 p.
895 2236 968 2274 738
1004 2235 1044 2283 οἱ,
1073 2236 1210 2275 Iacobs
1244 2251 1307 2290 περ
1334 2238 1527 2288 reposuit,
1563 2239 1704 2288 quibus
1737 2253 1850 2291 prae-

243 2298 314 2335 tuli
341 2299 443 2347 quod
470 2299 682 2348 simplicius
710 2299 910 2337 videbatur
936 2311 1020 2337 esse
1048 2299 1138 2337 ποτ’.
1155 2299 1268 2337 -90
1294 2302 1364 2352 νηῷ
1390 2300 1415 2339 i.
1444 2313 1475 2340 e.
1505 2301 1732 2351 Erechtheo,
1759 2315 1850 2342 nam

243 2360 476 2398 Erechtheus
503 2368 540 2398 et
558 2361 834 2399 Erichthonius
861 2362 936 2400 duo
963 2361 1136 2400 eiusdem
1153 2362 1321 2400 hominis
1340 2363 1497 2401 nomina
1513 2367 1614 2401 sunt.
1631 2385 1678 2391 —
1693 2363 1742 2402 93
1757 2376 1849 2403 con-

242 2421 369 2459 ferunt
390 2414 679 2471 ’πολτῖπλοιγκτον
713 2415 904 2475 ἀλάστορα,
937 2423 1056 2471 hymn.
1096 2423 1211 2473 Orph.
1241 2424 1302 2473 72,
1318 2425 1353 2463 3.
1412 2424 1577 2464 Rhombi
1609 2437 1749 2464 nomen
1781 2439 1849 2464 ex-

244 2483 361 2532 plicat
387 2485 545 2522 verbum
571 2477 773 2534 κυλινδήσει
799 2499 834 2523 v.
854 2497 933 2535 seq.
963 2507 1008 2513 —
1039 2485 1088 2524 95
1116 2485 1282 2536 Triopas
1310 2486 1551 2526 Callimacho
1579 2487 1631 2536 (Ιι.
1653 2487 1734 2526 Cer.
1756 2488 1848 2539 100)

242 2544 414 2594 Neptuni
447 2552 484 2583 et
516 2546 684 2585 Canaces
719 2548 892 2585 Aeolidis
925 2547 1029 2585 filius
1063 2554 1138 2596 est,
1173 2553 1285 2598 pater
1316 2549 1612 2599 Erysichthonis
1644 2549 1745 2595 eius,
1780 2550 1849 2601 qui

243 2606 394 2644 Cereris
421 2607 511 2645 fano
539 2609 682 2647 violato
717 2623 763 2648 ex
791 2609 992 2647 Thessalia
1024 2610 1065 2647 in
1093 2609 1250 2649 Cariam
1283 2611 1467 2662 profugus
1495 2611 1664 2662 Triopeo
1697 2612 1848 2651 condito

242 2668 335 2706 deae
369 2669 537 2706 animum
571 2670 644 2708 sibi
676 2671 946 2711 reconciliavit.
1000 2672 1209 2712 Marcellus
1241 2673 1368 2724 ipsum
1398 2673 1582 2723 Triopam
1617 2673 1846 2725 sacrilegum

241 2730 435 2779 perhibuit
467 2732 702 2781 eundemque
737 2735 860 2784 Δηωον
892 2747 928 2772 v.
949 2734 1010 2773 64.
1044 2756 1091 2764 —
1128 2735 1176 2774 97
1210 2739 1336 2785 itaque
1369 2747 1456 2774 cave
1497 2736 1660 2786 Triopae
1686 2748 1848 2786 poenam

239 2792 319 2830 luas
338 2798 401 2830 aut
424 2792 583 2842 Triopae
600 2797 742 2833 nomine
760 2788 938 2846 Τριοπειος
955 2798 1165 2845 nomineris,
1183 2810 1228 2836 ne
1252 2799 1428 2848 Triopeia
1447 2804 1480 2837 te
1503 2799 1668 2837 vindicta
1693 2796 1845 2850 capaci.
