1982 3256
211 188 291 232 342
765 188 1025 235 Epigrammata
1049 186 1266 222 dedicatoria.

377 298 550 342 Εἵλαθί
567 313 658 352 μοι,
688 293 1034 353 Βαλμαρκώ[θ],
1067 294 1244 352 κοίρανε
1275 297 1446 349 κωμῶν,

497 363 572 407 καὶ
603 359 705 406 κλύε
741 365 877 419 [μ]ου,
910 361 1121 412 δέσποτα,
1155 362 1228 404 νῦν
1253 357 1436 419 Ἱλάρου.

210 491 250 534 b.
369 485 460 543 [σοὶ
498 485 582 543 γὰρ
613 515 1019 527 ..........
1022 485 1132 542 ]ρων
1150 480 1352 541 ἀνέθηκα

377 551 590 610 τ]ηλοθεν
621 550 669 595 ἒκ
698 547 853 609 νήσοιο
879 545 1031 593 Ῥόδου
1061 548 1280 605 τέχνασμα
1312 548 1504 594 ποθινόν

211 625 236 670 5
480 612 718 673 ’Ἄμμωνος
755 618 918 674 κεραοῦ
944 613 1129 670 χάλκεον
1158 613 1406 670 ἀντίτυπον,

378 685 442 736 εἰς
470 681 612 742 ὑγίην]
644 683 889 743 προχέοντα
917 685 1099 742 βροτοῖς
1128 681 1392 742 ιερόδρομον
1419 681 1552 742 ὕδωρ.

311 777 357 815 111
391 776 638 829 praescriptis
672 787 759 814 εηεΡ
798 775 981 823 traditur,
1020 774 1159 814 deinde
1192 785 1247 814 xo
1264 805 1272 815 .
1288 785 1374 814 οογ
1414 775 1476 814 vel
1511 785 1682 826 me0Y‚
1721 776 1823 816 unde

209 832 365 891 Ko'o'piov
392 839 454 878 vel
479 833 628 877 Κοίντου
667 838 919 877 coniecerunt.
946 859 996 866 -—
1028 838 1046 874 1
1076 846 1246 875 MAPch
1274 859 1321 866 —-
1350 836 1374 875 2
1402 848 1483 877 εον
1511 838 1708 889 utriusque
1733 839 1822 882 ver-

212 913 276 941 sus
303 901 453 940 numeri
480 901 688 939 sustentari
719 905 898 951 poterunt
932 899 1066 938 addita
1102 899 1151 937 ab
1178 898 1288 938 initio
1315 900 1468 950 utrique
1494 912 1587 939 voce
1613 896 1743 940 amna.
1773 923 1819 930 —
1870 904 1874 907 ’

211 966 232 1003 3
261 963 378 1016 φέρων
419 964 461 1001 in
500 966 683 1013 promptu
721 967 792 1002 est.
825 985 876 991 —
916 963 941 1000 4
968 971 1149 1000 ιι-ιΛοθεΝ
1176 983 1226 990 -
1255 962 1277 998 6
1305 962 1498 1013 supplevi;
1539 975 1631 1001 nam
1668 962 1824 1002 videtur

211 1026 396 1065 Octavius
432 1037 518 1063 eum
552 1023 729 1075 Eutycho
764 1025 920 1075 (liberto
928 1024 964 1074 Ρ)
998 1029 1036 1062 et
1070 1024 1203 1062 liberis
1238 1023 1319 1063 suis
1355 1024 1421 1074 (an
1455 1024 1537 1062 eius
1545 1025 1582 1075 Ρ)
1623 1037 1673 1063 ex
1712 1036 1823 1064 sacro

210 1088 318 1127 fonte
349 1087 493 1126 bonam
534 1086 791 1125 valetudinem
833 1086 1082 1136 reciperasse.
1142 1086 1387 1137 Haopropter
1426 1099 1588 1127 aeneum
1619 1086 1824 1129 Ammonis

211 1150 360 1201 signum
377 1149 494 1189 fontis
514 1149 571 1188 ori
589 1149 750 1198 addidit,
779 1149 885 1188 ouius
913 1161 1015 1199 aqua
1040 1149 1118 1187 iam
1135 1148 1331 1200 intelleges
1350 1161 1416 1188 eur
1436 1140 1632 1201 ἶερᾶὸῷομος
1653 1153 1822 1191 vocetur.

210 1344 314 1385 836.
367 1345 471 1384 Loco
499 1345 640 1384 veteris
671 1345 824 1385 Galliae
851 1345 997 1396 oppidi,
1026 1345 1088 1386 oui
1114 1357 1254 1384 nomen
1289 1342 1403 1385 Vasio
1437 1344 1708 1386 Vocontiorum,
1744 1346 1821 1386 Re-

210 1408 295 1447 nier
321 1407 515 1457 Melanqee
541 1409 658 1457 epiyr.
687 1421 725 1459 p.
750 1407 833 1445 129.
886 1407 1041 1458 Herzog
1071 1406 1197 1446 Gallia
1222 1407 1393 1447 Narbon.
1421 1419 1511 1457 app.
1543 1409 1658 1459 epiqr.
1677 1421 1716 1448 n.
1736 1409 1823 1448 444.

412 1485 667 1548 Εὗθυντῆρι
695 1486 826 1548 τύχης
855 1486 990 1548 Βήλῳ
1020 1488 1210 1540 Σέξστος
1239 1489 1347 1533 θέτο
1377 1487 1542 1544 βωμόν,

527 1557 614 1599 τῶν
643 1554 687 1600 ἒν
710 1552 936 1615 Ἀπαμείᾳ
964 1553 1242 1614 μνησάμενος
1272 1555 1443 1614 λογίων

216 1649 257 1687 in
282 1647 404 1687 altero
428 1648 566 1688 latere:

536 1731 649 1773 Belus
666 1735 850 1782 fortunae
877 1740 999 1771 rector
1025 1733 1216 1784 Manisque
1242 1736 1417 1784 maqieter

645 1806 720 1832 ara
744 1796 926 1845 qaudebit,
955 1808 1068 1846 quam
1096 1797 1196 1834 dedit
1221 1802 1255 1834 et
1280 1796 1403 1836 voluit.

322 1877 455 1918 Severi
487 1877 567 1916 fere
593 1883 718 1917 aetate
750 1883 848 1919 teste
874 1879 1042 1919 Reniero
1070 1879 1211 1920 Sextus
1243 1882 1423 1932 Apamea
1455 1881 1497 1920 in
1531 1880 1706 1922 Galliam
1737 1893 1824 1932 pro-

218 1941 386 1978 fecturus
420 1940 616 1978 oraculum
647 1941 892 1980 consuluerat
924 1943 973 1981 de
1006 1942 1142 1981 itinere
1168 1948 1325 1993 eratque
1351 1944 1415 1982 ubi
1442 1943 1573 1983 salvus
1607 1957 1651 1983 eo
1691 1956 1824 1994 perve-

219 2003 341 2040 nisset
366 2001 461 2041 Belo
489 2015 597 2040 aram
623 2003 850 2042 constituere
876 2003 1017 2044 iussus.
1045 2027 1094 2033 —
1122 2006 1167 2043 In
1192 2005 1323 2044 latinis
1350 2006 1479 2044 Menin
1510 2001 1722 2057 mayietrum
1746 2006 1824 2045 Re-

219 2064 301 2101 nier
327 2064 516 2114 intellegit
541 2064 648 2102 Attin
675 2073 983 2116 menotyrannum.
1036 2067 1142 2104 Idem
1169 2080 1204 2106 v.
1225 2067 1248 2105 2
1275 2067 1437 2106 coniecit
1463 2069 1546 2106 dedi
1571 2075 1605 2107 et
1635 2069 1751 2117 volui,
1786 2072 1826 2107 et

220 2126 321 2163 male
354 2126 426 2164 hoc
461 2126 615 2175 quidem
650 2127 775 2177 (Sexti
809 2128 911 2167 enim
950 2141 1090 2167 nomen
1129 2142 1178 2167 ex
1217 2131 1364 2180 graecis
1406 2130 1690 2181 supplendum),
1729 2132 1825 2170 bene

221 2192 348 2226 tamen
374 2188 605 2238 observavit,
631 2189 838 2228 formulam
865 2190 965 2228 hane
982 2203 1065 2229 esse
1090 2191 1288 2243 vulgarem
1306 2199 1427 2232 votum
1444 2194 1538 2232 solvi
1556 2193 1668 2233 libens
1686 2195 1822 2234 maizo.

223 2386 321 2426 837.
374 2389 439 2427 Ad
467 2388 652 2440 Capuam.
706 2392 750 2431 G.
777 2394 806 2433 I.
835 2393 948 2432 5876.

425 2472 653 2531 Δεσποίνῃ
684 2475 877 2528 Νεμέσει
907 2476 983 2518 καὶ
1015 2472 1239 2520 συννάοισι
1270 2481 1444 2520 θεοῖσιν

526 2534 758 2597 Ἀρριανὸς
783 2542 932 2595 βωμὸν
960 2541 1085 2585 τόνδε
1115 2540 1457 2601 καθειδρύσατο.

490 2660 655 2701 Iustitiae
682 2665 828 2704 Nemea·
856 2667 1005 2716 (fruatis
1031 2680 1144 2717 quam
1169 2675 1319 2706 voverat
1343 2680 1452 2707 aram
1500 2718 1502 2720 v

590 2728 740 2764 numina
765 2735 896 2766 sancta
922 2730 1040 2768 colens
1072 2730 1302 2769 Cammarius
1323 2733 1457 2780 posuit.

324 2818 356 2847 11
389 2807 450 2846 vel
481 2814 529 2847 111
563 2810 714 2850 saeculi.
742 2833 792 2840 -—
824 2812 925 2852 Mira
958 2814 1035 2853 duo
1068 2815 1231 2855 hominis
1267 2816 1444 2865 nomina,
1477 2822 1565 2856 oum
1597 2815 1824 2869 praesertim
