1982 3256
190 207 271 254 234
742 204 1000 249 Epigrammata
1025 204 1241 248 sepulcralia.

192 317 316 356 ³575.
362 317 542 367 Neapoli.
580 315 812 365 Anaglypho
838 315 898 352 vir
925 315 1057 354 adstat
1082 327 1239 353 manum
1266 315 1466 365 porrigens
1493 315 1673 364 puerulo,
1699 327 1798 366 pone

194 393 305 429 quem
334 379 381 416 ad
407 379 581 417 dextram
607 378 755 416 mulier.
807 376 850 416 C.
878 376 907 417 L
936 377 1048 415 5816.

192 477 232 503 α.
288 455 471 516 ’Ἀγγελε
511 454 808 515 Φερσεφόνης,
836 453 985 516 Ἑρμῆ,
1017 458 1114 500 τίνα
1144 455 1269 502 τόνδε
1301 460 1582 515 προπονπεῖς

418 523 481 575 εἷς
509 524 585 567 τὸν
614 521 853 581 ἀμείδητον
887 521 1119 580 Τάρταρον
1144 520 1326 576 blidam,-

190 597 232 647 β.
298 588 435 649 μοῖρά
465 608 533 642 τις
562 587 782 642 ἀεικέλιος
810 590 886 633 τὸν
910 587 1134 672 Ἀρίστων
1167 588 1329 648 ἥρπασ’
1361 587 1437 635 ἀπ’
1470 587 1609 648 αὐγῆς

419 655 642 714 επταέτηι,
672 657 837 711 μέσσος
867 659 904 701 δ’
936 656 1054 704 ἐστὶν
1084 654 1108 700 ὃ
1140 660 1248 710 παῖς
1278 658 1473 714 γενετῶν.

194 741 234 767 α.
312 723 589 780 δακρυχαρὴς
618 721 845 774 Πλούτων,
877 720 930 766 οὗ
960 721 1186 779 πνεύματα
1217 721 1361 767 πάντα
1389 720 1571 780 βρότεια

421 789 493 833 σοὶ
521 789 720 843 νέμεται,
767 789 812 832 τί
839 792 1020 847 τρυγᾶις
1050 806 1258 847 ομφακας
1287 786 1486 847 ἡλικίης,·

293 893 307 918 1
334 881 395 919 vel
421 893 452 918 11
480 880 634 919 saeculi.
654 903 703 909 -
724 880 786 918 De
812 881 1028 931 antiquiore
1055 883 1167 920 huius
1196 882 1455 931 similiumque
1481 880 1800 931 epigrammatum
1860 899 1862 901 v

192 945 398 993 archetypo
426 943 513 981 vide
539 956 639 993 quae
657 942 840 981 adnotavi
867 943 919 981 ad
945 944 1100 982 titulum
1128 944 1390 983 Cotiaeensem
1417 955 1535 993 supra
1559 955 1597 980 n.
1617 942 1688 980 371
1710 954 1799 980 con-

190 1005 283 1043 latis
318 1018 416 1054 quae
442 1006 520 1044 iam
548 1009 740 1043 secuntur.
769 1027 818 1033 —
843 1006 856 1041 l
882 1006 1100 1057 προπομπεῒς
1126 1006 1319 1054 Weleker,
1347 1006 1452 1056 quod
1477 1018 1545 1043 cur
1572 1004 1655 1042 sine
1680 1015 1801 1041 eausa

191 1067 357 1118 positum
396 1071 551 1105 censeat
577 1067 703 1105 Franz
736 1080 810 1105 non
840 1074 982 1116 exputo
990 1081 1000 1114 3
1041 1081 1163 1118 neque
1197 1069 1298 1106 enim
1330 1068 1469 1118 legitur
1494 1067 1535 1105 in
1562 1066 1690 1116 lapide
1717 1078 1800 1117 προ-

192 1127 312 1177 πέμπε
321 1143 357 1173 ις.
394 1150 443 1157 —-
478 1130 500 1166 3
537 1129 746 1179 respondet
774 1129 1009 1178 Mercurius,
1050 1143 1125 1169 non
1160 1142 1202 1169 se
1236 1131 1304 1170 sed
1337 1130 1458 1168 fatum
1491 1129 1530 1166 in
1567 1128 1681 1178 culpa
1716 1139 1800 1166 esse

191 1191 372 1240 additque
402 1192 603 1230 consolans
623 1197 803 1241 parentes
821 1191 968 1241 priores
996 1192 1134 1231 obiisse
1152 1204 1296 1241 eosque
1321 1192 1422 1230 inter
1447 1190 1614 1230 medium
1640 1200 1802 1240 puerum

191 1253 383 1303 sepultum
412 1265 507 1292 esse.
561 1253 710 1292 Deinde
738 1253 821 1291 sive
847 1253 972 1292 viator
1001 1254 1081 1292 sive
1108 1255 1190 1305 ipse
1221 1260 1337 1304 poeta
1363 1253 1520 1291 Plutoni
1546 1251 1708 1290 erimina
1743 1250 1801 1288 in-

190 1315 316 1354 tendit
341 1314 568 1353 atrocitatis.

192 1492 413 1542 576-5⁷8‚
441 1504 604 1543 quorum
630 1492 776 1542 primus
802 1499 840 1532 et
869 1493 1004 1533 tertius
1030 1493 1208 1542 Romani,
1243 1494 1431 1532 secundus
1463 1491 1640 1532 Albanus
1665 1491 1800 1530 titulus

191 1560 262 1595 est.
1703 1581 1706 1583 Α

293 1641 324 1677 Ι.
379 1638 429 1677 C.'
449 1639 479 1677 I.
509 1638 623 1677 6257.

306 1718 594 1778 Μενεκράτης
624 1717 930 1764 Ἀπολλωνίου
969 1717 1063 1771 υἱὸς
1098 1719 1206 1763 ἐτῶν
1241 1719 1301 1776 δ’,
1347 1722 1493 1776 μηνῶν
1526 1718 1588 1770 δ’,
1633 1716 1800 1769 Tatiae

194 1787 477 1837 Βαυκυλίδος
516 1787 830 1844 δωρησαμένης
858 1779 996 1829 τόπον
1020 1782 1305 1843 Ἀπολλωνίῳ
1330 1782 1542 1830 Ἀττάλου
1570 1787 1633 1842 τῷ
1663 1783 1800 1841 πατρὶ

1575 1848 1589 1865 ,
1653 1853 1671 1862 -

1537 1868 1684 1895 αυτου.

379 1937 509 1998 ’Ἄρτι
536 1957 591 1994 με
622 1939 853 1996 γευόμενον
885 1940 1000 1992 ζωᾶς
1028 1941 1198 1997 βρέφος
1228 1937 1401 1998 ἥρπασε
1434 1923 1615 1994 δαίμων,

515 2004 594 2050 οὒκ
626 2001 710 2049 οἶδ’
742 2002 830 2048 εἴτε
860 2002 1044 2061 ἀγαθῶν
1075 2004 1218 2050 αἴτιον
1249 2005 1336 2050 εἴτε
1368 2008 1525 2049 κακῶν·

393 2070 621 2131 ἆπλήρωτ’
647 2069 788 2122 Ἀίδα,
819 2070 864 2114 τί
891 2088 947 2125 με
977 2069 1135 2130 νήπιον
1167 2071 1372 2131 ἥρπασας
1401 2072 1672 2129 ἐ[χ]θρ[ώ]ς,·

516 2138 560 2182 τί
590 2136 817 2189 σπεύδειςς
863 2134 915 2180 οὐ
944 2138 1016 2183 σοὶ
1047 2135 1208 2190 πάντες
1238 2135 1541 2195 ὅφειλόμεθα;

296 2232 318 2268 3
347 2240 516 2269 ΕΚΘΡοιε
543 2243 640 2269 corr.
668 2227 912 2280 Hagenbueh.

296 2325 347 2363 ΙΙ.
402 2324 446 2364 C.
465 2326 493 2364 Ι.
522 2325 634 2366 6205.

345 2400 515 2457 ’Ἄνθος
543 2407 626 2463 ἐγώ
655 2407 856 2467 λεγόμην,
887 2408 984 2460 υἱὸς
1008 2406 1293 2464 Ἑρμογένους
1320 2422 1368 2449 τε
1399 2405 1476 2448 καὶ
1512 2400 1707 2462 Φὺρμης,

362 2468 562 2529 ἀνθήσας
592 2474 641 2516 δὲ
671 2475 816 2526 καλῶς
847 2473 989 2519 ἐτεσιν
1018 2473 1142 2517 δυσὶν
1172 2468 1249 2524 οὐχ
1280 2468 1534 2530 ὁλοκλήρως

363 2537 511 2594 φωτὸς
542 2534 865 2596 ἇφαρπασθεὶς
895 2538 1142 2598 πρόμοιρον
1170 2539 1339 2596 βρέφος
1368 2533 1527 2580 ἐνθάδε
1559 2539 1720 2592 κεῖμαι,

489 2606 563 2646 καὶ
594 2602 672 2647 οὐκ
702 2602 804 2650 οἶδα
834 2605 922 2650 εἴτε
953 2607 1096 2657 καλῶς
1125 2603 1213 2653 ,εἴτε
1244 2606 1389 2656 κακῶς
1417 2602 1591 2656 ἔθανον.

225 2672 250 2714 5
365 2666 588 2726 ἀπλήρωτ’
615 2666 755 2727 Ἀίδα,
786 2673 830 2715 τί
857 2689 912 2726 με
943 2669 1100 2730 νήπιον
1131 2670 1328 2726 ἕρπασες
1358 2667 1497 2720 οὕτως

367 2732 562 2786 σπεύσας
587 2739 665 2778 τοῦ
687 2737 760 2794 ζῆν
779 2755 836 2792 με
857 2739 1082 2795 στερέσαι,·
1128 2734 1222 2795 ο[ῧ],
1240 2738 1312 2780 σοὶ
1334 2732 1493 2786 πάντες
1513 2730 1784 2790 ὃφιλόμεθας
