1982 3256
10 1756 14 1765 -
10 1730 13 1743 „.
3 1596 15 1714 „cnsp-AR«
0 1145 15 1580 'aw-mfflfl-mffl-«r
0 1077 7 1134 ⁴-—
2 1040 5 1063 —-

13 1979 22 2032 ἓ

16 2033 22 2052 2

14 2054 23 2087 ἔ

195 943 250 986 25

195 1617 251 1660 35

193 1955 249 2011 40

598 223 642 258 V.
674 223 797 259 Italiae
821 223 956 258 Galliae
980 223 1171 269 Hispaniae
1197 223 1417 259 Germaniae.

307 330 494 387 κάμψας
524 327 688 390 ἄρρενα
719 337 822 390 γυῖα
853 334 930 378 σὺν
961 332 1215 389 άχθεινοῖσι
1243 332 1416 388 βόεσσι·

307 403 414 454 γαῖα
445 400 482 442 δ’
514 397 726 445 ὑπέστενε
757 404 882 445 πᾶσα
913 399 1196 459 κακόφρονος
1226 399 1371 445 εἵνεκα
1403 399 1580 457 κούρου.

306 466 382 510 καὶ
412 465 502 511 τότ’
533 468 619 525 ἐγώ
650 470 760 526 πυρὶ
793 469 957 526 φέγγος
987 466 1234 524 ἇπέσβεσα·
1265 469 1424 527 μηκέτι
1456 466 1620 520 παιδός

303 532 442 589 μύρεο
473 535 632 594 λυγρὸν
659 530 866 594 ὄλεθρον,
900 534 977 579 ἑοῦ
1007 538 1044 579 δ’
1082 534 1150 590 ἔχε
1181 537 1399 594 φροντίδα
1431 533 1616 589 κόσμου,

304 600 366 660 μή
398 619 509 646 ποτε
537 602 686 660 χειρὸς
713 602 822 662 ἐμῆς
853 600 1190 661 φλογερώτερον
1220 601 1344 660 ἔγχος
1375 599 1611 661 ἀθροίσῃς.

306 670 481 727 γίνωσκ’
513 668 741 728 οὐρανίοιο
773 670 887 723 Διὸς
914 669 1032 715 νόον·
1066 667 1118 713 οὗ
1146 671 1210 726 μὰ
1241 671 1324 728 γὰρ
1356 667 1494 729 αὐτήν

301 734 440 796 Ῥείην
469 732 578 780 ἄλλο
610 739 672 796 τ[ι
702 738 855 795 τ]οὖδε
887 735 1140 796 κακώτερον
1167 733 1529 793 ἶδεν”ολυμπος·

278 802 473 860 ’κόσμος
502 805 609 859 ἐμὸς
640 804 694 862 σὴ
726 805 878 857 πίστις
907 802 993 863 ἔφυ
1021 803 1295 863 μεγακύδεος
1324 803 1469 863 ἔργου.

306 870 502 927 οἰχέσθω
531 872 587 916 τὰ
618 871 832 932 πάροιθε,
863 873 918 916 τὰ
950 874 987 916 δ’
1021 872 1183 931 ἷζστερα
1214 874 1420 931 φροντίδι
1452 875 1603 917 κεῦθε·

309 937 363 984 οὐ
394 940 472 992 σὸς
501 938 600 998 ἔφυ·
634 939 796 984 πώλων
827 941 911 999 γὰρ
942 937 1176 1000 ἀπείριτον
1206 938 1296 1000 [ο]ὐ
1327 942 1490 993 σθένος
1520 938 1642 998 ἔγνω,

306 1005 508 1067 ῥυτήρων
538 1005 630 1051 οὐδ’
663 1005 760 1062 ἔσχε
795 1009 1087 1067 πολυφραδὲς
1118 1007 1246 1067 ἔργον
1276 1005 1477 1053 ἀνύσσαι.

306 1073 430 1132 ἔρχεο
463 1078 548 1127 νῦν,
582 1074 694 1119 πάλι
726 1074 893 1131 κόσμον
923 1076 1117 1131 ἐποίχεο,
1148 1075 1209 1136 μὴ
1241 1076 1341 1119 τεὸν
1371 1071 1498 1131 εὖχος

308 1141 570 1202 ἀλλοτρίαις
600 1141 855 1199 παλάμαισι
889 1141 1053 1202 πόρηις
1083 1140 1278 1202 ἇμένηνα
1311 1140 1524 1202 πονήσας·

306 1208 457 1270 μούνῳ
489 1211 563 1255 σοὶ
593 1208 837 1269 πυρόεντος
866 1210 1144 1269 ἐπειγομένῳ
1175 1208 1358 1255 κύκλοιο

310 1274 493 1336 ἆντολίη
525 1280 602 1322 καὶ
633 1281 759 1323 πᾶσα
791 1278 928 1331 καλὸς
958 1276 1126 1337 δρόμος
1155 1276 1318 1323 ἔπλετο
1350 1275 1511 1337 δυσμή·

306 1346 380 1389 σοὶ
409 1345 512 1390 τόδε
544 1347 704 1391 πιστὸν
735 1345 874 1391 ἔδωκε
906 1347 1062 1404 φέρειν
1090 1344 1206 1398 νόος,
1240 1342 1442 1404 ἄφθιτον
1472 1340 1611 1400 εὗχος.

305 1411 465 1495 φείδεο
494 1416 574 1473 γῆς
604 1415 680 1459 καὶ
709 1414 878 1466 παντὸς
908 1411 1189 1471 ἀριπρεπέος
1219 1414 1426 1470 κόσμοιο,

305 1477 402 1535 ι’σχε
432 1479 599 1538 δρόμον
626 1479 891 1536 μεσάταισιν
921 1482 989 1525 ἐπ’
1019 1478 1263 1535 ἀψίδεσσιν
1287 1477 1536 1535 Ὀλύμπου·

306 1550 446 1592 ταῦτα
477 1550 710 1605 πρέποντα
740 1553 883 1601 θεοῖς,
914 1552 1035 1593 ταῦτ’
1067 1544 1217 1630 ἄρκια·
1247 1548 1396 1604 μαίεο,
1430 1550 1608 1607 δαῖμον,
1653 1539 1662 1548 “

308 1615 504 1670 μιλίχιον
533 1613 646 1659 πάλι
676 1618 854 1675 φέγγος·
888 1635 911 1661 ο
943 1617 1022 1669 σὸς
1050 1615 1161 1668 πάις
1191 1612 1331 1660 ὤλεσε
1362 1615 1522 1661 πουλύ·

307 1684 383 1726 καὶ
412 1683 489 1726 τὸν
519 1681 783 1744 ἀπειρέσιον
811 1685 950 1742 μέγαν
981 1682 1170 1743 οὐρανὸν
1200 1681 1334 1736 αὐτὸς
1364 1682 1545 1742 [ὅ]δευε,

306 1747 446 1809 ἥμισυ
474 1750 555 1806 μὲν
585 1752 715 1810 γαίης
743 1754 917 1811 νέρθεν,
949 1753 1001 1797 τὸ
1033 1754 1069 1796 δ’
1101 1751 1276 1810 ὕπερθε
1305 1750 1541 1803 τανύσσας·

307 1815 424 1862 οὕτω
454 1819 539 1878 γὰρ
566 1819 764 1877 πρέψειε
793 1820 894 1864 τεὸν
925 1817 1044 1878 φάος
1080 1817 1388 1877 Οὖρανίδαισι,

308 1885 384 1930 καὶ
416 1889 578 1944 φωτῶν
608 1883 842 1940 ἇκάκωτος
872 1888 943 1933 ἀεὶ
974 1883 1278 1946 λειφθήσεται
1307 1883 1424 1946 εὐχή,

310 1957 542 2014 πρηυμενῆ
573 1956 610 1998 δ’
643 1954 757 2008 ἕξεις
788 1955 933 2015 Ζηνὸς
961 1953 1077 2000 νόον·
1110 1950 1163 2014 ἢν
1193 1955 1230 1998 δ’
1262 1951 1390 2012 ἑτέρη
1422 1971 1488 2006 τις

286 2019 520 2081 λείπηται
551 2023 629 2067 σέο
661 2026 847 2081 φροντὶς
877 2020 1152 2082 ἇταρβ[έ]ος,
1182 2020 1362 2080 ἵστορες
1393 2018 1524 2066 αὐτοί

305 2085 491 2146 ἀστέρες
520 2087 580 2143 ὥς
610 2089 893 2149 πυ[ρό]εντος
923 2093 1033 2145 ἐμοῦ
1061 2090 1235 2149 μ[έ]νος
1265 2084 1386 2145 αἶψα
1418 2093 1671 2149 κεραυνο[ῦ]

310 2153 533 2217 ὠκύτερον
564 2156 728 2202 πώλων
757 2192 945 2202 .....
980 2158 1118 2212 δέμας
1150 2191 1427 2201 .......

728 2257 1087 2318 Ἐπιγράμματα.

307 2329 498 2380 Μοῦνος
527 2324 605 2371 ἀπ’
637 2326 799 2381 αἰῶνος
829 2326 908 2372 δύο
941 2328 1015 2372 καὶ
1047 2329 1155 2373 δέκα
1187 2332 1296 2379 παῖς
1329 2327 1541 2371 ἐνιαυτῶν

427 2392 643 2450 Μάξιμος
669 2395 719 2448 ἐξ
747 2393 929 2440 ἀέθλων
960 2395 1025 2448 εἰς
1050 2393 1202 2454 ’Λίδην
1232 2393 1408 2450 ἔμολον·

306 2465 464 2515 νοῦσος
493 2463 570 2506 καὶ
601 2461 801 2518 κάματός
828 2480 884 2519 με
917 2463 1150 2507 διώλεσαν·
1184 2458 1285 2506 οὔτε
1316 2463 1401 2546 γὰρ
1434 2460 1554 2522 ἠοῦς,

427 2525 508 2574 οὐκ
542 2525 712 2588 όρφνης
739 2530 944 2585 μουσέων
975 2529 1102 2582 ἐκτὸς
1132 2528 1279 2589 ἔθηκα
1310 2531 1468 2588 φρένα.

306 2596 534 2654 λίσσομαι,
566 2594 682 2640 ἀλλὰ
714 2600 855 2657 στῆθι
885 2595 1160 2650 δεδουπότος
1190 2596 1336 2642 εἵνεκα
1368 2596 1546 2658 κούρου,

423 2658 548 2723 ὄφρα
577 2663 733 2725 μάθης
763 2665 943 2720 σχεδίου
973 2662 1234 2723 γράμματος
1265 2663 1461 2725 εὖεπίην,

307 2729 514 2791 εὐφήμου
544 2750 620 2777 και
651 2734 778 2785 λέξον
808 2729 899 2776 άπὸ
934 2731 1156 2787 στόματος
1184 2732 1288 2778 τόδε
1317 2736 1481 2788 μοῦνον

424 2799 664 2859 δακρύσας·
692 2797 807 2860 (εἴης
833 2803 980 2858 χῶρον
1009 2799 1055 2853 ἐς
1084 2797 1283 2861 ἠλύσιον·

1734 223 1817 264 251
