1982 3256
1205 159 1227 179 Χ

286 251 366 296 352
835 251 1101 298 Epigrammata
1125 251 1347 288 dedicatoria.

286 363 387 404 856.
440 364 635 403 Atalante.
690 363 942 402 Wachsmuth
968 363 1067 403 Mus.
1095 364 1166 404 Rh.
1194 364 1354 404 XXVII
1382 364 1467 405 614.

444 443 597 505 Ἀρχία
628 444 724 498 υἱὸς
753 443 817 489 ὅδ’
849 443 935 490 ἔστ’
961 443 1255 504 Ἀλκαίνετος,
1287 440 1338 499 ὃς
1367 445 1468 505 δορὶ
1499 445 1670 504 σώζ[ων
1738 446 1743 450 ’

583 513 799 570 πατρίδος
830 507 1078 571 ἀκρόπολιν
1106 513 1227 571 τέρμ’
1258 511 1413 569 ἔλαβεν
1441 511 1610 568 βιότου.

389 606 542 645 Aetatis
568 604 847 644 macedonicae.

285 834 383 874 857.
437 834 554 874 Lindi
581 835 823 874 Rhodiorum
848 835 888 873 in
915 848 1014 875 arce.
1067 836 1173 876 Rosa
1200 837 1313 875 Arch.
1343 836 1455 884 Ausa.
1483 835 1524 874 II
1551 834 1640 874 609.

482 914 794 976 ’Λντιποὶτροιο
825 916 1031 977 θύγατρα
1059 919 1158 977 νέην
1188 917 1253 962 ἔτι
1282 916 1603 975 Καλλικλεία[ν

597 982 769 1035 Λίνδος
798 981 1037 1028 ἆνέστασεν
1066 984 1351 1043 πρεσβυτάτα
1382 983 1564 1037 πολίων,

485 1049 668 1109 μάμμης
697 1048 914 1106 ἠικόμοιο
945 1052 1210 1111 χαριζομένη
1242 1051 1508 1111 γεράε[σσιν,

599 1115 630 1176 ἥ
660 1135 770 1162 ποτε
802 1119 876 1161 καὶ
904 1122 1068 1178 χρυσῆν
1098 1118 1246 1163 εἰκόνα
1280 1121 1393 1177 θῆκε
1425 1116 1609 1176 Κόρη[ς.

389 1211 412 1249 3
426 1222 558 1249 rapat-z
640 1211 797 1260 ..suppl
820 1205 936 1250 Ross.
974 1211 1095 1250 Aviae
1128 1218 1282 1261 accepta
1319 1210 1487 1260 beneficia
1514 1211 1691 1260 referem,
1720 1222 1816 1260 quae
1841 1213 1898 1249 in-

285 1281 338 1312 ter
365 1274 442 1311 alia
475 1276 580 1311 etiam
603 1274 853 1322 Proserpinae
881 1276 1092 1312 inauratam
1118 1277 1312 1325 imaqinem
1339 1274 1542 1311 dicaverat.
1582 1271 1746 1311 Videtur
1772 1278 1899 1311 autem

287 1338 394 1383 avia,
428 1348 543 1386 quam
576 1335 672 1373 nihil
704 1340 764 1374 est
798 1348 864 1373 cur
898 1336 1006 1374 senio
1038 1336 1252 1374 confectam
1284 1335 1513 1386 cogitemus,
1552 1347 1630 1372 non
1667 1334 1749 1372 sine
1783 1346 1900 1373 causa

287 1392 446 1451 ἦν’κομος
473 1398 666 1449 adpellari
707 1420 753 1426 -
783 1399 808 1436 4
834 1392 936 1451 κόρης
963 1398 1081 1447 Rosa,
1100 1391 1215 1450 Κόρης
1243 1397 1336 1436 Keil
1363 1410 1424 1448 ap.
1453 1397 1564 1436 Ross.
1593 1397 1616 1435 l.
1643 1408 1673 1435 8.
1700 1408 1732 1435 8.

289 1606 389 1647 858.
444 1605 571 1658 Prope
596 1607 781 1648 Miletum.
837 1607 899 1646 Ex
926 1607 1145 1647 Chandlero
1174 1606 1217 1647 O.
1246 1606 1276 1646 Ι.
1306 1606 1418 1647 2884,

455 1687 697 1745 Εὐσεβέσιν
729 1687 922 1748 κλήροις,
954 1690 1219 1739 Ποσιόώνιε,
1251 1689 1346 1748 τρίς
1376 1706 1425 1733 σε
1457 1688 1646 1744 λαχόντα

576 1758 831 1814 δ[ε’ρ]κομαι
863 1756 907 1800 ἓν
937 1755 1156 1811 Διδύμοις
1187 1758 1432 1811 στέμμασιν
1461 1753 1707 1807 ἀθανάτοις

454 1826 573 1867 τοῖον
604 1819 654 1867 ὃν
677 1821 908 1868 Ἀπόλλων
938 1839 987 1867 σε
1019 1822 1256 1883 προφήτην
1284 1821 1507 1884 ήσπάσατ’
1547 1820 1681 1874 αὐτός

576 1892 726 1950 λῆμμα
758 1891 902 1948 κρίσιν
925 1890 1092 1948 μητρός
1120 1894 1156 1934 τ’
1189 1889 1392 1949 εὐσεβίην
1422 1888 1621 1942 δικάσας.

372 1962 397 2003 5
457 1951 508 2000 οὗ
539 1957 668 2009 κλέος
698 1954 790 2001 οὐδ’
823 1955 932 2001 αἶών
961 1957 1237 2017 ἐπιλήσεται·
1271 1953 1408 2015 ἄνδρα
1439 1958 1521 2015 γὰρ
1543 1953 1698 2016 εἶ[ὄ]εν

571 2027 658 2067 τῶν
688 2026 792 2082 πρὶν
823 2026 1088 2081 λειτουργῶν
1118 2021 1264 2068 οὗὸενὶ
1295 2025 1569 2080 λειπόμενον.

390 2135 562 2172 Litterae
589 2133 778 2184 vulgares.
806 2155 855 2162 —
883 2133 1101 2184 Prophetae
1134 2133 1387 2172 sacerdotium
1419 2132 1614 2183 publicum
1645 2132 1684 2170 in
1719 2132 1897 2183 plurimis

291 2197 422 2235 Ioniae
450 2197 617 2245 urbibus,
650 2196 819 2234 maxime
845 2195 886 2233 in
912 2194 1220 2234 Branchidarum
1247 2195 1338 2243 fuit3
1374 2201 1478 2234 sorte
1504 2195 1710 2246 quotannis
1735 2196 1898 2246 prophe-

289 2263 352 2296 tae
395 2259 636 2309 eligebantur
678 2264 720 2296 ut
759 2258 941 2308 eponymi
980 2258 1230 2309 magistratus
1262 2257 1345 2296 loco
1380 2263 1526 2306 essent,
1566 2257 1613 2295 cf.
1647 2257 1808 2296 Boeckh
1847 2257 1897 2295 ad

290 2321 332 2358 C.
360 2321 385 2360 1.
415 2320 516 2359 2880
543 2322 789 2359 sortiebantur
818 2327 959 2359 tautum
992 2323 1024 2358 ei
1050 2320 1186 2371 quibus
1217 2323 1274 2358 ius
1308 2326 1386 2359 erat
1424 2320 1663 2370 capessendae
1681 2320 1897 2371 prophetiae

289 2385 396 2421 certis
417 2384 578 2432 familiis
599 2386 807 2434 proprium.
823 2405 872 2411 —
886 2383 909 2421 2
923 2394 961 2421 ΔΙ
977 2412 985 2421 .
1002 2393 1132 2421 nomm
1150 2395 1244 2420 corr.
1272 2382 1439 2423 Boeckh.
1477 2381 1668 2432 Loquitur
1684 2387 1750 2420 aut
1774 2394 1896 2433 popu·

287 2445 348 2483 lus
382 2450 450 2483 aut
481 2449 605 2483 mater
639 2446 690 2496 (v.
711 2446 765 2496 4).
793 2467 844 2474 —
871 2447 896 2483 4
922 2445 1132 2496 explicatio
1167 2445 1356 2495 inpedita.
1417 2444 1498 2482 Vix
1530 2448 1634 2482 recte
1666 2443 1827 2482 Boeckh
1860 2449 1898 2487 et

288 2506 467 2544 Welcker
495 2506 588 2557 Syll.
615 2520 653 2557 p.
674 2507 748 2546 293
777 2507 995 2546 Iacobsium
1024 2507 1142 2546 secuti
1169 2508 1307 2559 λῆμμα,
1332 2519 1404 2556 pro
1431 2506 1536 2558 λῆμα
1569 2506 1736 2556 positum
1761 2511 1896 2557 putant

288 2570 359 2607 hoc
385 2569 541 2618 quidem
568 2581 700 2607 sensu:
728 2571 897 2608 iudicans
925 2570 975 2620 (et
1000 2571 1134 2608 iudicio
1161 2570 1392 2619 approbans)
1418 2569 1577 2606 indolem
1605 2574 1716 2616 tuam,
1736 2569 1894 2617 praeiu-

289 2632 424 2668 dicium
452 2632 496 2668 de
531 2637 562 2668 te
589 2632 700 2669 latum
726 2634 926 2681 matrisque
952 2634 1135 2681 pietatem.
1183 2631 1280 2670 Mihi
1314 2622 1466 2675 ὁὶκοίζειν
1492 2631 1594 2669 idem
1616 2630 1766 2668 videtur
1792 2629 1894 2679 quod

288 2691 425 2745 κρίνειν,
459 2693 596 2743 λῆμμα
628 2693 669 2731 id
704 2701 761 2731 est
794 2694 899 2743 quod
926 2694 1013 2743 quis
1040 2693 1141 2732 dono
1176 2693 1325 2744 accipit,
1354 2688 1464 2745 κρίσις
1485 2692 1651 2740 electio,
1685 2703 1784 2742 quae
1815 2703 1895 2729 non

289 2767 381 2794 casu
407 2755 475 2793 sed
500 2754 638 2791 iudicio
666 2755 820 2801 nititur-3
860 2756 1108 2805 interpretor:
1152 2762 1207 2793 ter
1234 2762 1265 2793 te
1291 2762 1407 2793 vatem
1432 2755 1605 2793 salutavit
1632 2753 1812 2801 Phoebus,
1841 2760 1894 2791 ter

288 2823 422 2857 sortem
448 2817 628 2854 electionis
657 2816 734 2854 loco
762 2817 908 2865 habens,
934 2818 959 2855 i.
988 2830 1019 2855 e.
1049 2818 1186 2855 donum
1213 2818 1314 2866 quod
1338 2819 1450 2855 sortis
1479 2816 1646 2865 beneflcio
1673 2821 1828 2854 nanctus
1856 2827 1892 2853 es

287 2879 502 2932 adprobans
531 2885 715 2929 tamquam
742 2879 943 2929 eliyeutium
969 2881 1160 2929 iudicium,
1194 2893 1261 2918 nec
1293 2882 1412 2918 minus
1447 2881 1578 2918 matria
1609 2885 1692 2917 tuae
1723 2880 1893 2929 pietatem
