1982 3256
256 389 314 421 est
347 384 471 423 lectio.
526 377 674 436 τρόπους
709 400 822 437 οιμιοις
858 413 867 423 .
894 414 902 422 .
931 387 1016 425 κοιλ.
1046 387 1357 428 Cuman.AM1Az
1386 420 1395 428 .
1430 402 1450 428 x
1477 391 1570 429 ιιι-λ’.
1599 405 1682 443 ego.
1736 393 1861 433 Mani-

256 446 395 484 festum
427 460 473 484 ex
502 447 707 496 participio
735 445 873 499 ἕχουσ-οι
899 462 934 488 v.
956 449 997 497 2,
1032 451 1238 488 secundam
1265 464 1468 501 personam
1495 465 1581 492 esse
1606 454 1768 493 formam
1793 469 1860 494 κοι-

257 501 403 556 λτῖπτει,
444 509 544 546 unde
584 522 722 547 nomen
763 510 962 560 proprium
1006 513 1182 550 vocativo
1222 526 1311 552 casu
1350 514 1516 563 positum
1556 527 1642 554 esse
1679 516 1862 566 sequitur.

255 569 340 607 Non
380 571 468 607 novi
510 571 720 620 equidem’
721 565 851 610 Ἰασ-σοι
886 586 1045 622 nomen,
1085 580 1125 612 at
1158 576 1346 614 traditum
1377 576 1541 616 videtur.
1603 578 1772 617 Gravius
1806 579 1886 618 est>

255 632 357 680 quod
393 632 622 679 {l'inseru13
655 634 810 672 videant
841 636 962 685 periti.
993 659 1042 664 —-
1071 637 1093 674 4
1121 637 1273 677 defendi
1301 638 1463 677 fortasse
1489 644 1615 690 potest
1639 641 1741 690 quod
1767 641 1860 680 olim

254 692 400 734 conieci
428 709 466 732 ευ
499 686 621 744 ζῆσοιις
650 695 814 748 ὲμῲθιμ.
844 713 870 735 ν.

257 272 310 313 28
807 275 1066 320 Epigrammata
1090 276 1307 320 sepulcralia.

253 809 322 848 85.
378 811 422 850 In
452 813 553 852 urbe.
611 813 769 853 Cuman.
799 816 911 853 3500.

420 909 558 935 nomen
585 899 785 937 defunctae
816 898 907 956 καὶ]
939 915 1074 956 μητρι
1105 899 1238 957 φίλης
1268 901 1344 943 καὶ
1374 902 1511 959 πατρὶ
1542 905 1779 962 [ποθεινῆς

520 963 702 1021 πα]ιδὸς
729 963 893 1019 τυμβον
923 962 1031 1022 ὁρᾶν
1058 963 1184 1009 τόνδε
1215 965 1471 1025 πρό[ςελθε,
1503 969 1622 1024 φίλε.

421 1023 584 1086 ἤσκουν
612 1030 692 1084 μὲν
721 1031 771 1073 τὸ
803 1031 975 1075 δίκαιον
1004 1030 1269 1091 ἕμιμού[,ιιην
1298 1051 1344 1077 τε
1373 1034 1424 1077 τὸ
1456 1033 1603 1087 καλόν,

520 1094 564 1139 ἐν
588 1099 667 1139 τῶι
700 1099 737 1140 δ’
769 1097 994 1142 ἐκτελέσαι
1026 1099 1262 1158 λείπομα[ι
1292 1098 1344 1144 οὐ
1377 1103 1431 1144 δι’
1464 1101 1556 1155 ἐμέ.

417 1166 554 1219 μοῖρα
584 1163 666 1222 γὰρ
698 1161 777 1207 οὒκ
808 1162 936 1216 ειάσ’,
970 1163 1145 1224 ε’στησ[ε
1177 1167 1225 1211 δὲ
1253 1167 1393 1226 τέρμα
1423 1166 1658 1212 κελεύθωι·

520 1229 564 1273 ἒν
592 1230 812 1288 τριάκοντ’
844 1229 984 1275 ἔτεσιν
1014 1230 1257 1291 κ[άτθανσν
1288 1231 1530 1292 ὠκύμορος.

354 1320 550 1371 Supplevi,
583 1323 658 1361 nisi
686 1324 788 1372 quod
816 1323 1059 1362 Cumanudes
1086 1338 1122 1362 v.
1143 1325 1165 1363 2
1195 1319 1316 1371 παιδός
1345 1332 1382 1365 et
1406 1341 1443 1365 v.
1464 1328 1486 1365 3
1515 1321 1725 1378 ἐμιμοῦμην
1742 1324 1861 1377 rprae-

254 1382 335 1420 ivit.
365 1405 411 1411 —
442 1384 464 1421 2
491 1398 568 1423 non
596 1397 711 1423 ausus
739 1398 823 1423 sum
851 1386 1016 1424 scribere
1043 1380 1209 1439 πρόβαινε
1237 1380 1342 1427 πόδα.
1361 1412 1411 1417 -
1431 1391 1452 1428 3
1473 1390 1602 1428 nescio
1620 1389 1686 1427 ubi
1703 1389 1862 1440 legerim

251 1456 400 1482 versum
431 1445 640 1485 Sotadeum
668 1464 783 1500 μιμου
814 1463 852 1487 το
884 1442 993 1487 κοιλον
1020 1444 1081 1487 καὶ
1103 1466 1218 1501 μενεις
1238 1467 1272 1489 εν
1294 1450 1432 1503 βροτοῖς
1459 1446 1612 1503 οἴριστος.
1633 1474 1679 1479 ——
1700 1451 1724 1489 6
1742 1464 1858 1502 asyn-

250 1508 365 1546 deton
393 1509 488 1547 bene
514 1509 639 1548 habet.

249 1625 321 1662 86.
390 1626 484 1666 Loci
524 1628 678 1676 incerti,
720 1629 787 1666 sed
826 1629 897 1667 fuit
936 1630 1035 1668 inter
1074 1631 1201 1682 Elgini
1242 1645 1444 1671 marmora.
1510 1630 1687 1670 Parianis
1725 1631 1860 1670 adiecit

249 1687 407 1726 Boeckh
440 1701 647 1739 propterea
674 1691 776 1740 quod
802 1690 959 1729 Pariani
987 1694 1277 1732 nominarentur
1300 1694 1524 1743 Diitrephes
1551 1699 1589 1732 et
1612 1693 1856 1744 Demophon.

249 1750 301 1785 At
340 1749 412 1788 hoc
451 1752 577 1800 ipsum
613 1757 672 1790 est
703 1766 768 1790 cur
802 1753 1008 1793 Parianum
1041 1755 1195 1793 titulum
1230 1769 1313 1795 esse
1347 1769 1501 1807 negem,
1536 1761 1574 1793 et
1599 1763 1858 1806 exspectarem

247 1824 340 1849 sane
380 1812 500 1864 μοίρην
539 1828 612 1864 pro
653 1814 779 1867 μοῖραν
818 1830 853 1853 v.
881 1818 904 1853 4
940 1824 981 1855 ut
1012 1819 1053 1856 in
1087 1819 1179 1856 urbe
1214 1832 1237 1856 a
1268 1818 1431 1857 Milesiis
1464 1823 1502 1855 et
1533 1816 1658 1855 Pariis
1690 1816 1856 1855 condita.

249 1873 408 1912 Videtur
435 1881 556 1914 mater
583 1890 668 1915 cum
695 1877 786 1915 filiis
808 1879 979 1918 Athenas
1007 1881 1314 1930 transmigrasse.
1344 1903 1390 1908 —
1412 1880 1454 1919 O.
1473 1880 1502 1919 Ι.
1533 1879 1643 1918 3648.
1686 1878 1855 1918 Cuman.

248 1935 345 1974 2767
373 1950 451 1975 non
477 1939 679 1989 integrum.

370 2043 374 2050 ,
447 2009 696 2068 Λιιτρέφης
726 2012 900 2055 Ζωίλου
931 2013 1160 2071 Παριηνὸς
1190 2010 1476 2071 στρατιώτης.

447 2078 677 2133 Δημοφῶν
707 2079 1020 2137 Μητροδώρου
1050 2079 1278 2138 Παριηνὸς
1307 2077 1591 2138 στρατιώτης.

449 2167 616 2222 Μνῆμα
646 2166 754 2224 φίλη
783 2166 928 2226 μήτηρ
957 2185 1012 2223 με
1043 2167 1279 2225 Λιιτρέφει
1308 2166 1459 2212 ἐνθάδ’
1491 2166 1666 2226 ἔθηκεν.

514 2233 590 2275 καὶ
619 2235 833 2288 Περικλεῖ
862 2237 1102 2291 φθιμένοιν
1130 2234 1338 2293 Μητρίχη
1370 2233 1623 2293 αἶνόμορος·

441 2294 614 2356 Ἁγνήις
643 2302 678 2341 τ’
711 2298 872 2344 ἐνθάδε
904 2299 947 2344 οὶ
977 2302 1180 2384 θυγατηρ
1211 2301 1287 2345 καὶ
1317 2299 1512 2359 ἀδελφὸς
1542 2299 1714 2355 ἓῇιουσιν

509 2381 671 2422 μοιραι
702 2365 973 2425 Δημοφόων
1005 2371 1083 2425 τῆς
1110 2368 1222 2422 μέτα
1254 2370 1366 2411 πᾶσι
1394 2371 1587 2427 βροτοῖς.

346 2455 386 2480 1v
414 2458 510 2483 saec.
554 2457 583 2483 0
610 2459 681 2496 pro
709 2458 763 2485 ογ
792 2449 989 2498 scriptum.
1008 2472 1057 2476 ——
1078 2449 1257 2487 Metriche
1284 2455 1406 2487 mater
1431 2449 1661 2499 Diitrephen
1688 2453 1726 2485 et
1741 2447 1852 2486 Peri-

245 2505 341 2542 clem
374 2519 394 2543 e
428 2507 559 2555 Zoilo,
595 2509 732 2547 deinde
767 2510 1008 2560 Hagneidem
1041 2515 1080 2549 et
1112 2511 1421 2561 Demophontem
1457 2525 1478 2549 e
1510 2511 1731 2549 Metrodoro
1764 2509 1849 2547 viro

244 2573 475 2618 susceperat.
530 2571 706 2609 Alterum
741 2577 870 2611 tamen
903 2572 1095 2610 distichon
1127 2573 1291 2611 fortasse
1324 2577 1413 2623 post
1438 2573 1573 2611 matris
1599 2576 1760 2610 mortem
1788 2571 1848 2609 in-

243 2630 446 2679 sculptum.

243 2745 312 2785 87.
365 2747 472 2786 Vari.
527 2749 687 2788 Cuma'n.
715 2752 826 2789 3153.

412 2822 580 2877 Μνῆμα
610 2821 913 2878 Μνησαγόρας
944 2826 1017 2865 καὶ
1049 2823 1327 2882 Νικοχάρους
1355 2824 1458 2868 τόδε
1488 2826 1644 2866 κεῖται·

409 2883 527 2930 αὗτιὺ
558 2889 595 2930 δ’
618 2884 670 2930 οὗ
701 2890 969 2948 παραδεῖξαι
998 2886 1206 2948 ἀφείλετο
1239 2891 1448 2948 δαίμονος
1478 2885 1598 2942 αἶσα,
