1982 3256
250 230 339 274 ‘308
823 226 1084 273 Epigrammata
1106 225 1324 262 dedicatoria.

355 342 505 380 Extare
531 339 626 378 vidit
652 338 855 376 Kirchhoff
878 338 997 376 Anth.
1025 336 1070 376 P.
1100 336 1158 375 VI
1187 336 1259 375 138
1286 336 1464 375 lemmate
1492 336 1624 375 addito
1650 338 1718 375 τοῦ
1743 334 1865 376 αὐτοῦ

252 400 403 457 ὁμοίως,
439 402 541 453 quod
568 413 615 439 ex
650 400 859 451 superioris
888 399 1069 437 carminis
1096 400 1346 450 inscriptione
1381 393 1558 451 οἰνοίθημοι
1584 400 1640 451 τῷ
1659 391 1866 438 Ἀπόλλωνι

254 465 521 517 explicandum
562 466 630 501 est.
697 462 798 501 Hinc
837 461 1012 512 Apollini
1054 461 1269 500 dedicatum
1307 462 1428 500 fuisse
1468 474 1547 500 non
1597 461 1720 512 magis
1766 467 1869 500 certo

252 527 452 567 concludas
486 538 601 575 quam
635 538 655 563 e
689 524 815 563 verbis
847 525 915 562 τοῦ
949 521 1068 562 αὐτοῦ
1103 524 1354 576 Anacreontis
1395 535 1479 562 esse
1519 536 1672 562 carmen
1711 523 1868 562 efficias.

251 590 353 629 Nam
386 602 472 627 cum
505 588 784 639 epigrammata
818 587 886 624 illa
921 587 969 625 A.
998 585 1040 623 P.
1071 586 1124 624 VI
1155 587 1227 625 134
1242 609 1257 615 -
1275 586 1346 625 145
1379 586 1493 623 titulo
1526 587 1594 624 τοῦ
1627 583 1747 624 αὐτοῦ
1780 585 1806 623 i.
1833 598 1866 624 e.

252 653 494 691 Anacreontis
522 649 706 701 insignita
733 654 933 700 suspectae
960 649 1089 686 omnia
1116 648 1205 686 fidei
1231 649 1321 698 sint,
1350 654 1432 686 tum
1458 648 1554 686 illud
1581 647 1706 698 quode
1738 648 1867 699 agitur

252 715 364 755 evicit
390 713 602 752 Kirchhoff
623 723 703 750 Lxx
729 711 808 750 fere
835 712 947 750 annis
975 711 1215 749 Anacreonte
1249 711 1408 750 inferius
1444 723 1542 750 esse.
1569 732 1620 739 —
1650 710 1668 747 1
1698 709 1741 761 μ’
1769 704 1864 762 ἱδρύ-

253 792 345 817 σατο
373 783 410 814 et
437 775 460 813 2
490 765 694 814 ἐστοίσοινθ’
722 775 803 813 cod.
833 774 915 813 Pal.

253 951 379 992 ⁸759.
417 950 461 989 ln
479 948 609 987 Piraei
627 947 855 999 paeninsula
869 947 1061 986 Eetionia.
1100 946 1319 986 Hirschfeld
1346 947 1459 984 Βίαν.
1478 947 1581 984 arch.
1603 945 1702 983 1873
1722 958 1757 996 p.
1781 945 1865 985 108.

418 1073 421 1076 .
456 1030 624 1076 Πύθων
650 1027 804 1088 Ἑρμῆι
835 1024 1012 1086 ἄγαλμα
1038 1026 1366 1087 Ἑρμοστράτου
1392 1013 1653 1085 Ἀβδηρίτης

569 1096 935 1155 ἔστησεμπολλὰς
965 1091 1221 1153 θησάμενος
1251 1094 1438 1153 πόληας.

567 1159 759 1230 Εὔφρων
788 1161 1012 1225 ἕξεποίησ’
1045 1160 1124 1226 οὗκ
1157 1160 1298 1225 ἀδαὴς
1327 1157 1525 1218 Πάριος(

357 1257 380 1295 2
407 1250 543 1307 πίλησις
570 1270 641 1307 pro
668 1250 794 1300 πόλιας
828 1255 1016 1305 scriptum
1049 1255 1177 1294 nescio
1211 1258 1349 1305 poetae
1377 1266 1427 1292 an
1453 1253 1644 1304 lapicidae
1671 1253 1723 1291 sit
1747 1265 1866 1291 error.

258 1441 362 1481 760.
417 1442 583 1481 Athenis
610 1442 662 1481 ad
688 1441 957 1480 Erechtheum.
1012 1440 1215 1480 Kirchhoff
1240 1441 1327 1480 398.

422 1524 679 1582 Διογένη[ς]
710 1520 928 1580 ἀνέθηκεν
952 1516 1220 1576 Ἀισσχῦλου
1249 1519 1325 1573 ὑύς
1356 1521 1671 1579 Κεφ[α]λῆο[ς.

356 1616 418 1656 Sic
443 1615 596 1666 scripsit
622 1613 829 1653 Neubauer
856 1615 982 1654 Herm.
1011 1614 1049 1653 X
1079 1614 1150 1652 159
1178 1626 1330 1652 versum
1356 1623 1440 1651 esse
1475 1617 1583 1650 ratus
1617 1617 1773 1662 propter
1798 1613 1866 1651 ad‘-

257 1679 379 1718 ditum
405 1676 486 1716 υἶοῦ
512 1677 758 1725 vocabulum3
784 1689 847 1716 res
873 1677 1030 1715 minime
1056 1679 1170 1717 certa.

255 1830 349 1870 ⁸161.
403 1828 553 1879 Aegina
577 1828 617 1867 in
643 1828 779 1867 insula.
834 1828 878 1868 C.
906 1828 936 1866 I.
965 1827 1065 1867 2138
1085 1829 1121 1867 d.
1174 1827 1302 1866 Lebas
1330 1826 1350 1863 1
1379 1827 1414 1866 6.

351 1905 436 1962 ιὋς
465 1906 555 1954 τόδ’
587 1905 744 1966 ἄγαλμ’
777 1906 983 1968 ἀνέθηκε,
1021 1906 1329 1967 Φιλόστρατός
1358 1909 1445 1952 ἐστ’
1476 1903 1597 1964 ὄνυμ’
1627 1906 1778 1960 αὐτῶι,

479 1977 619 2034 πατρὶ
650 1978 698 2021 δὲ
727 1979 808 2020 τῶι
837 1973 971 2033 τήνου
1002 1975 1261 2035 Δημοφόων
1291 1972 1443 2030 ὅνυμα.

588 2061 739 2091 nomen
767 2046 953 2101 artificis]
987 2043 1187 2101 ἐποίησε.

258 2236 357 2276 762.
411 2238 457 2275 In
484 2245 591 2277 antro
612 2250 733 2289 prope
767 2236 861 2276 Vari
888 2237 993 2287 apud
1018 2242 1170 2274 veterem
1197 2236 1482 2285 Anaphlystum,
1508 2235 1570 2273 ubi
1586 2236 1673 2284 sere
1700 2234 1867 2272 Paucum

258 2301 410 2338 collocat
436 2299 581 2339 Strabo.
635 2299 792 2339 Boeckh
820 2299 863 2339 G.
891 2299 920 2337 I.
949 2298 1036 2339 456.
1089 2297 1299 2337 Kirchhoff
1320 2298 1407 2337 431.

520 2378 790 2439 Ἀρχέδημος
820 2378 842 2425 ὃ
881 2382 1092 2439 Θηραῖος,
1126 2377 1148 2424 ὁ
1179 2378 1497 2438 νυμφόληπτος

637 2450 856 2504 φραδαῖσι
887 2449 1087 2505 Νυμφῶν
1114 2444 1297 2505 τᾶντρον
1326 2441 1608 2504 ἕξηργάξατο.

360 2539 457 2579 Sunt
490 2540 619 2578 decem
653 2540 824 2578 eiusdem
856 2539 1085 2578 Archedemi
1114 2540 1216 2577 tituli
1242 2539 1447 2586 breviores,
1487 2551 1508 2576 e
1534 2537 1672 2587 quibus
1705 2537 1865 2574 Therae-

261 2614 323 2639 um
354 2603 474 2650 fuisse
511 2604 649 2650 oriqine
688 2603 877 2650 discimus,
909 2608 997 2650 post
1037 2604 1147 2640 civem
1186 2604 1335 2640 atticum
1364 2602 1513 2649 sactum
1543 2606 1577 2637 et
1612 2599 1866 2637 Ghollidarum

251 2676 355 2713 payo
383 2665 621 2712 adscriptum.
674 2663 881 2703 Kirchhoff.
915 2686 966 2692 —
1000 2663 1121 2702 Tituli
1154 2664 1220 2702 alii
1253 2663 1384 2701 dorice
1415 2661 1483 2700 alii
1514 2661 1629 2699 attice
1659 2660 1796 2713 ⁴scripti
1828 2663 1869 2698 et

258 2725 413 2775 quidem
445 2725 582 2762 litteris
618 2725 684 2762 alii
725 2726 871 2773 atticis,
912 2725 977 2762 alii
1018 2725 1152 2765 ionicis
1181 2726 1262 2764 sub.
1292 2725 1340 2762 01.
1371 2724 1418 2762 87
1453 2722 1580 2762 iudice
1613 2721 1865 2769 Kirchhoffio,

258 2787 333 2826 nisi
361 2787 465 2837 quod
492 2787 572 2825 eius
600 2799 713 2837 quem
743 2799 860 2836 supra
887 2786 1002 2837 posui
1028 2790 1124 2827 teste
1150 2786 1361 2838 Stephanio
1387 2785 1518 2836 paullo
1545 2783 1735 2822 recentior
1760 2782 1865 2821 vide-

258 2852 320 2889 tur
346 2854 453 2888 aetas
480 2862 574 2890 esse.
