<?xml version="1.0" encoding="UTF-8"?>
<!DOCTYPE html PUBLIC "-//W3C//DTD XHTML 1.0 Transitional//EN"
    "http://www.w3.org/TR/xhtml1/DTD/xhtml1-transitional.dtd">
<html xmlns="http://www.w3.org/1999/xhtml" xml:lang="en" lang="en">
 <head>
  <title>
</title>
<meta http-equiv="Content-Type" content="text/html;charset=utf-8" />
  <meta name='ocr-system' content='tesseract 3.04.00' />
  <meta name='ocr-capabilities' content='ocr_page ocr_carea ocr_par ocr_line ocrx_word'/>
</head>
<body>
  <div class='ocr_page' id='page_1' title='image "./epigrammatagraec00kaibuoft_0283.png"; bbox 0 0 1982 3256; ppageno 0'>
   <div class='ocr_carea' id='block_1_1' title="bbox 0 0 58 3256">
    <p class='ocr_par' dir='ltr' id='par_1_1' title="bbox 0 0 58 3256">
     <span class='ocr_line' id='line_1_1' title="bbox 0 0 58 3256; baseline 0 0"><span class='ocrx_word' id='word_1_1' title='bbox 0 0 58 3256; x_wconf 95' lang='lat' dir='ltr'><strong> </strong></span> 
     </span>
    </p>
   </div>
   <div class='ocr_carea' id='block_1_2' title="bbox 571 225 1825 278">
    <p class='ocr_par' dir='ltr' id='par_1_2' title="bbox 571 225 1825 278">
     <span class='ocr_line' id='line_1_2' title="bbox 571 225 1825 278; baseline 0.002 -11"><span class='ocrx_word' id='word_1_2' title='bbox 571 225 622 268; x_wconf 56' lang='lat' dir='ltr'><strong>*V.</strong></span> <span class='ocrx_word' id='word_1_3' title='bbox 657 232 778 268; x_wconf 81' lang='lat' dir='ltr'><strong>Italiae</strong></span> <span class='ocrx_word' id='word_1_4' title='bbox 802 230 936 268; x_wconf 82' lang='lat' dir='ltr'><strong>Galliae</strong></span> <span class='ocrx_word' id='word_1_5' title='bbox 963 232 1154 278; x_wconf 81' lang='lat' dir='ltr'>Hispaniae</span> <span class='ocrx_word' id='word_1_6' title='bbox 1181 232 1404 270; x_wconf 69' lang='lat' dir='ltr'><strong>Germaniae.</strong></span> <span class='ocrx_word' id='word_1_7' title='bbox 1739 235 1825 278; x_wconf 75' lang='lat'><strong>253</strong></span> 
     </span>
    </p>
   </div>
   <div class='ocr_carea' id='block_1_3' title="bbox 135 336 1828 2928">
    <p class='ocr_par' dir='ltr' id='par_1_3' title="bbox 171 336 1828 1346">
     <span class='ocr_line' id='line_1_3' title="bbox 171 336 1828 398; baseline 0.002 -15"><span class='ocrx_word' id='word_1_8' title='bbox 171 336 401 395; x_wconf 77' lang='lat' dir='ltr'><strong>&#39;quindecim</strong></span> <span class='ocrx_word' id='word_1_9' title='bbox 427 352 589 393; x_wconf 76' lang='lat' dir='ltr'><strong>versus,</strong></span> <span class='ocrx_word' id='word_1_10' title='bbox 624 358 659 383; x_wconf 84' lang='lat' dir='ltr'><strong>v.</strong></span> <span class='ocrx_word' id='word_1_11' title='bbox 689 346 738 384; x_wconf 90' lang='lat'><strong>34</strong></span> <span class='ocrx_word' id='word_1_12' title='bbox 771 349 975 397; x_wconf 85' lang='lat' dir='ltr'><strong>praeterea</strong></span> <span class='ocrx_word' id='word_1_13' title='bbox 1009 347 1050 385; x_wconf 91' lang='lat' dir='ltr'><strong>in</strong></span> <span class='ocrx_word' id='word_1_14' title='bbox 1084 346 1288 398; x_wconf 79' lang='lat' dir='ltr'><strong>anaphora</strong></span> <span class='ocrx_word' id='word_1_15' title='bbox 1330 339 1562 392; x_wconf 62' lang='grc' dir='ltr'><strong><em>σπονδειῶζει.</em></strong></span> <span class='ocrx_word' id='word_1_16' title='bbox 1621 346 1828 386; x_wconf 86' lang='lat' dir='ltr'><strong>Bucolicae</strong></span> 
     </span>
     <span class='ocr_line' id='line_1_4' title="bbox 181 407 1826 462; baseline 0.001 -15"><span class='ocrx_word' id='word_1_17' title='bbox 181 419 366 447; x_wconf 81' lang='lat' dir='ltr'><strong>caesurae</strong></span> <span class='ocrx_word' id='word_1_18' title='bbox 397 407 686 460; x_wconf 83' lang='lat' dir='ltr'><strong>duodetriginta</strong></span> <span class='ocrx_word' id='word_1_19' title='bbox 727 416 817 448; x_wconf 89' lang='lat' dir='ltr'><strong>sunt</strong></span> <span class='ocrx_word' id='word_1_20' title='bbox 858 410 1057 461; x_wconf 84' lang='lat' dir='ltr'><strong>exempla,</strong></span> <span class='ocrx_word' id='word_1_21' title='bbox 1099 424 1264 462; x_wconf 89' lang='lat' dir='ltr'><strong>quorum</strong></span> <span class='ocrx_word' id='word_1_22' title='bbox 1298 423 1435 450; x_wconf 88' lang='lat' dir='ltr'><strong>novem</strong></span> <span class='ocrx_word' id='word_1_23' title='bbox 1469 416 1560 461; x_wconf 86' lang='lat' dir='ltr'><strong>post</strong></span> <span class='ocrx_word' id='word_1_24' title='bbox 1595 411 1826 457; x_wconf 86' lang='lat' dir='ltr'><strong>sententiam</strong></span> 
     </span>
     <span class='ocr_line' id='line_1_5' title="bbox 181 471 1826 524; baseline 0.001 -14"><span class='ocrx_word' id='word_1_25' title='bbox 181 471 338 522; x_wconf 79' lang='lat' dir='ltr'><strong>gravius</strong></span> <span class='ocrx_word' id='word_1_26' title='bbox 373 471 549 521; x_wconf 88' lang='lat' dir='ltr'><strong>incisam,</strong></span> <span class='ocrx_word' id='word_1_27' title='bbox 585 472 662 511; x_wconf 91' lang='lat' dir='ltr'><strong>duo</strong></span> <span class='ocrx_word' id='word_1_28' title='bbox 690 476 781 511; x_wconf 88' lang='lat' dir='ltr'><strong>ante</strong></span> <span class='ocrx_word' id='word_1_29' title='bbox 808 473 1066 524; x_wconf 83' lang='lat' dir='ltr'><strong>spondiacum</strong></span> <span class='ocrx_word' id='word_1_30' title='bbox 1094 475 1253 514; x_wconf 83' lang='lat' dir='ltr'><strong>exitum.</strong></span> <span class='ocrx_word' id='word_1_31' title='bbox 1275 497 1322 502; x_wconf 96' lang='lat'><strong>—</strong></span> <span class='ocrx_word' id='word_1_32' title='bbox 1345 475 1365 513; x_wconf 88' lang='lat'><strong>3</strong></span> <span class='ocrx_word' id='word_1_33' title='bbox 1395 474 1507 523; x_wconf 73' lang='grc' dir='ltr'><strong><em>θῆκες</em></strong></span> <span class='ocrx_word' id='word_1_34' title='bbox 1535 474 1678 512; x_wconf 86' lang='lat' dir='ltr'><strong>retinui</strong></span> <span class='ocrx_word' id='word_1_35' title='bbox 1704 474 1826 512; x_wconf 89' lang='lat' dir='ltr'><strong>incer-</strong></span> 
     </span>
     <span class='ocr_line' id='line_1_6' title="bbox 182 531 1825 588; baseline 0.002 -16"><span class='ocrx_word' id='word_1_36' title='bbox 182 539 246 573; x_wconf 88' lang='lat' dir='ltr'><strong>tus</strong></span> <span class='ocrx_word' id='word_1_37' title='bbox 262 533 454 586; x_wconf 77' lang='lat' dir='ltr'><strong>lapidatio</strong></span> <span class='ocrx_word' id='word_1_38' title='bbox 476 548 527 574; x_wconf 83' lang='lat' dir='ltr'><strong>an</strong></span> <span class='ocrx_word' id='word_1_39' title='bbox 541 548 661 586; x_wconf 89' lang='lat' dir='ltr'><strong>puero</strong></span> <span class='ocrx_word' id='word_1_40' title='bbox 675 536 846 575; x_wconf 77' lang='lat' dir='ltr'><strong>tribuam</strong></span> <span class='ocrx_word' id='word_1_41' title='bbox 863 536 1058 586; x_wconf 83' lang='lat' dir='ltr'><strong>plebeiam</strong></span> <span class='ocrx_word' id='word_1_42' title='bbox 1070 536 1248 576; x_wconf 83' lang='lat' dir='ltr'><strong>formam.</strong></span> <span class='ocrx_word' id='word_1_43' title='bbox 1265 560 1315 565; x_wconf 92' lang='lat'>—</span> <span class='ocrx_word' id='word_1_44' title='bbox 1330 538 1354 575; x_wconf 91' lang='lat'>4</span> <span class='ocrx_word' id='word_1_45' title='bbox 1369 537 1571 588; x_wconf 82' lang='lat' dir='ltr'><strong>legebatur</strong></span> <span class='ocrx_word' id='word_1_46' title='bbox 1585 531 1825 586; x_wconf 52' lang='grc' dir='ltr'><strong>ἐγγυαλίξω.</strong></span> 
     </span>
     <span class='ocr_line' id='line_1_7' title="bbox 179 593 1826 652; baseline 0.002 -17"><span class='ocrx_word' id='word_1_47' title='bbox 179 619 232 626; x_wconf 93' lang='grc'>-</span> <span class='ocrx_word' id='word_1_48' title='bbox 251 597 274 635; x_wconf 95' lang='lat'>7</span> <span class='ocrx_word' id='word_1_49' title='bbox 289 608 506 637; x_wconf 75' lang='grc' dir='ltr'>ΑκΜΑτοιο</span> <span class='ocrx_word' id='word_1_50' title='bbox 531 597 707 638; x_wconf 88' lang='lat' dir='ltr'><strong>Visconti</strong></span> <span class='ocrx_word' id='word_1_51' title='bbox 736 603 871 649; x_wconf 88' lang='lat' dir='ltr'><strong>spreta</strong></span> <span class='ocrx_word' id='word_1_52' title='bbox 886 599 1108 638; x_wconf 86' lang='lat' dir='ltr'><strong>coniectura</strong></span> <span class='ocrx_word' id='word_1_53' title='bbox 1131 597 1301 650; x_wconf 77' lang='grc' dir='ltr'><strong><em>ἄκμαίοιο</em></strong></span> <span class='ocrx_word' id='word_1_54' title='bbox 1317 606 1418 639; x_wconf 87' lang='lat' dir='ltr'><strong>recte</strong></span> <span class='ocrx_word' id='word_1_55' title='bbox 1431 599 1588 650; x_wconf 82' lang='lat' dir='ltr'><strong>scripsit</strong></span> <span class='ocrx_word' id='word_1_56' title='bbox 1604 593 1826 652; x_wconf 56' lang='grc' dir='ltr'><strong><em>ἀκαμάτοιο,</em></strong></span> 
     </span>
     <span class='ocr_line' id='line_1_8' title="bbox 181 654 1825 716; baseline 0.001 -16"><span class='ocrx_word' id='word_1_57' title='bbox 181 666 220 700; x_wconf 90' lang='lat' dir='ltr'><strong>et</strong></span> <span class='ocrx_word' id='word_1_58' title='bbox 245 660 300 701; x_wconf 86' lang='lat' dir='ltr'><strong>sic</strong></span> <span class='ocrx_word' id='word_1_59' title='bbox 320 659 445 712; x_wconf 91' lang='lat' dir='ltr'><strong>Orph.</strong></span> <span class='ocrx_word' id='word_1_60' title='bbox 461 661 508 700; x_wconf 86' lang='lat' dir='ltr'><strong>fr.</strong></span> <span class='ocrx_word' id='word_1_61' title='bbox 530 663 567 710; x_wconf 88' lang='lat'><strong>6,</strong></span> <span class='ocrx_word' id='word_1_62' title='bbox 589 662 636 700; x_wconf 91' lang='lat'>13</span> <span class='ocrx_word' id='word_1_63' title='bbox 653 661 710 701; x_wconf 84' lang='lat' dir='ltr'><strong>ed.</strong></span> <span class='ocrx_word' id='word_1_64' title='bbox 725 661 858 702; x_wconf 86' lang='lat' dir='ltr'>Herm.</span> <span class='ocrx_word' id='word_1_65' title='bbox 875 654 968 707; x_wconf 67' lang='grc' dir='ltr'><strong><em>Ζεύς</em></strong></span> <span class='ocrx_word' id='word_1_66' title='bbox 986 655 1190 714; x_wconf 50' lang='lat' dir='ltr'><strong>&amp;aulaeis-rou</strong></span> <span class='ocrx_word' id='word_1_67' title='bbox 1207 656 1315 715; x_wconf 74' lang='grc' dir='ltr'><strong><em>πυρός</em></strong></span> <span class='ocrx_word' id='word_1_68' title='bbox 1325 656 1502 716; x_wconf 54' lang='grc' dir='ltr'>ἀκμή-</span> <span class='ocrx_word' id='word_1_69' title='bbox 1518 662 1541 700; x_wconf 88' lang='grc'>9</span> <span class='ocrx_word' id='word_1_70' title='bbox 1559 661 1708 713; x_wconf 73' lang='grc' dir='ltr'><strong>ἀπειλῆς</strong></span> <span class='ocrx_word' id='word_1_71' title='bbox 1722 663 1825 714; x_wconf 85' lang='lat' dir='ltr'><strong>lege-</strong></span> 
     </span>
     <span class='ocr_line' id='line_1_9' title="bbox 180 717 1827 776; baseline 0.001 -13"><span class='ocrx_word' id='word_1_72' title='bbox 180 725 315 772; x_wconf 87' lang='lat' dir='ltr'><strong>batur;</strong></span> <span class='ocrx_word' id='word_1_73' title='bbox 355 737 455 764; x_wconf 87' lang='lat' dir='ltr'><strong>corr.</strong></span> <span class='ocrx_word' id='word_1_74' title='bbox 491 723 648 776; x_wconf 81' lang='lat' dir='ltr'><strong>Sauppe</strong></span> <span class='ocrx_word' id='word_1_75' title='bbox 678 724 794 765; x_wconf 78' lang='lat' dir='ltr'><strong>Goett.</strong></span> <span class='ocrx_word' id='word_1_76' title='bbox 831 726 900 775; x_wconf 72' lang='lat' dir='ltr'><strong>yel.</strong></span> <span class='ocrx_word' id='word_1_77' title='bbox 931 726 1027 765; x_wconf 77' lang='lat' dir='ltr'><em>Anz.</em></span> <span class='ocrx_word' id='word_1_78' title='bbox 1061 726 1155 764; x_wconf 88' lang='lat'>1871</span> <span class='ocrx_word' id='word_1_79' title='bbox 1187 738 1222 775; x_wconf 92' lang='lat' dir='ltr'><strong>p.</strong></span> <span class='ocrx_word' id='word_1_80' title='bbox 1248 726 1365 774; x_wconf 77' lang='lat'>10363</span> <span class='ocrx_word' id='word_1_81' title='bbox 1406 726 1509 765; x_wconf 89' lang='lat' dir='ltr'><strong>idem</strong></span> <span class='ocrx_word' id='word_1_82' title='bbox 1536 717 1695 772; x_wconf 64' lang='grc' dir='ltr'>κύκλους</span> <span class='ocrx_word' id='word_1_83' title='bbox 1722 732 1827 766; x_wconf 87' lang='lat' dir='ltr'><strong>recte</strong></span> 
     </span>
     <span class='ocr_line' id='line_1_10' title="bbox 180 787 1826 840; baseline 0.001 -14"><span class='ocrx_word' id='word_1_84' title='bbox 180 787 373 840; x_wconf 76' lang='lat' dir='ltr'><strong>intellegit</strong></span> <span class='ocrx_word' id='word_1_85' title='bbox 399 800 563 838; x_wconf 79' lang='lat' dir='ltr'><strong>corpora</strong></span> <span class='ocrx_word' id='word_1_86' title='bbox 589 788 768 828; x_wconf 81' lang='lat' dir='ltr'><strong>caelestia.</strong></span> <span class='ocrx_word' id='word_1_87' title='bbox 801 811 848 817; x_wconf 84' lang='lat'>—</span> <span class='ocrx_word' id='word_1_88' title='bbox 883 790 930 827; x_wconf 86' lang='lat'><strong>10</strong></span> <span class='ocrx_word' id='word_1_89' title='bbox 944 789 1111 828; x_wconf 85' lang='lat' dir='ltr'><strong>fortasse</strong></span> <span class='ocrx_word' id='word_1_90' title='bbox 1139 802 1187 827; x_wconf 88' lang='lat' dir='ltr'><strong>ex</strong></span> <span class='ocrx_word' id='word_1_91' title='bbox 1202 787 1335 827; x_wconf 84' lang='lat' dir='ltr'><strong>Ovidii</strong></span> <span class='ocrx_word' id='word_1_92' title='bbox 1358 790 1447 827; x_wconf 85' lang='lat' dir='ltr'><strong>Met.</strong></span> <span class='ocrx_word' id='word_1_93' title='bbox 1470 789 1509 827; x_wconf 91' lang='lat' dir='ltr'><strong>II</strong></span> <span class='ocrx_word' id='word_1_94' title='bbox 1530 788 1618 829; x_wconf 84' lang='lat'>270.</span> <span class='ocrx_word' id='word_1_95' title='bbox 1639 799 1690 818; x_wconf 87' lang='lat'><strong>—·</strong></span> <span class='ocrx_word' id='word_1_96' title='bbox 1718 789 1764 828; x_wconf 84' lang='lat'><strong>12</strong></span> <span class='ocrx_word' id='word_1_97' title='bbox 1790 789 1826 835; x_wconf 83' lang='grc' dir='ltr'><strong>ἐς</strong></span> 
     </span>
     <span class='ocr_line' id='line_1_11' title="bbox 181 842 1824 905; baseline 0 -15"><span class='ocrx_word' id='word_1_98' title='bbox 181 842 368 905; x_wconf 62' lang='grc' dir='ltr'><strong>Δήμητρα</strong></span> <span class='ocrx_word' id='word_1_99' title='bbox 386 851 410 892; x_wconf 91' lang='lat' dir='ltr'><strong>i.</strong></span> <span class='ocrx_word' id='word_1_100' title='bbox 437 864 470 889; x_wconf 89' lang='lat' dir='ltr'><strong>e.</strong></span> <span class='ocrx_word' id='word_1_101' title='bbox 500 853 541 889; x_wconf 79' lang='lat' dir='ltr'><strong>in</strong></span> <span class='ocrx_word' id='word_1_102' title='bbox 569 858 682 900; x_wconf 82' lang='lat' dir='ltr'><strong>terra,</strong></span> <span class='ocrx_word' id='word_1_103' title='bbox 705 852 750 891; x_wconf 87' lang='lat' dir='ltr'><strong>cf.</strong></span> <span class='ocrx_word' id='word_1_104' title='bbox 767 851 883 892; x_wconf 81' lang='lat' dir='ltr'><strong>Ovid.</strong></span> <span class='ocrx_word' id='word_1_105' title='bbox 912 851 951 890; x_wconf 89' lang='lat'><strong>11</strong></span> <span class='ocrx_word' id='word_1_106' title='bbox 973 850 1049 889; x_wconf 86' lang='grc'>212</span> <span class='ocrx_word' id='word_1_107' title='bbox 1074 851 1220 901; x_wconf 84' lang='lat' dir='ltr'><strong>pabula</strong></span> <span class='ocrx_word' id='word_1_108' title='bbox 1259 859 1473 901; x_wconf 76' lang='lat' dir='ltr'><strong>canescunt,</strong></span> <span class='ocrx_word' id='word_1_109' title='bbox 1509 865 1591 891; x_wconf 88' lang='lat' dir='ltr'><strong>cum</strong></span> <span class='ocrx_word' id='word_1_110' title='bbox 1617 853 1824 903; x_wconf 76' lang='lat' dir='ltr'><em>frondibus</em></span> 
     </span>
     <span class='ocr_line' id='line_1_12' title="bbox 181 910 1825 968; baseline 0.001 -16"><span class='ocrx_word' id='word_1_111' title='bbox 181 917 307 953; x_wconf 85' lang='lat' dir='ltr'><strong>uritur</strong></span> <span class='ocrx_word' id='word_1_112' title='bbox 342 915 458 953; x_wconf 84' lang='lat' dir='ltr'><strong>arbor</strong></span> <span class='ocrx_word' id='word_1_113' title='bbox 476 937 491 944; x_wconf 92' lang='lat'>-</span> <span class='ocrx_word' id='word_1_114' title='bbox 506 918 772 965; x_wconf 75' lang='lat' dir='ltr'><strong>materiamque</strong></span> <span class='ocrx_word' id='word_1_115' title='bbox 809 927 876 953; x_wconf 87' lang='lat' dir='ltr'><strong>suo</strong></span> <span class='ocrx_word' id='word_1_116' title='bbox 902 914 1060 965; x_wconf 79' lang='lat' dir='ltr'><strong>praebet</strong></span> <span class='ocrx_word' id='word_1_117' title='bbox 1093 926 1192 963; x_wconf 55' lang='lat' dir='ltr'><strong>sesses</strong></span> <span class='ocrx_word' id='word_1_118' title='bbox 1236 916 1348 953; x_wconf 87' lang='lat' dir='ltr'><strong>arida</strong></span> <span class='ocrx_word' id='word_1_119' title='bbox 1383 917 1528 955; x_wconf 78' lang='lat' dir='ltr'><strong>clamne.</strong></span> <span class='ocrx_word' id='word_1_120' title='bbox 1570 938 1616 945; x_wconf 86' lang='lat'>—</span> <span class='ocrx_word' id='word_1_121' title='bbox 1645 910 1825 968; x_wconf 74' lang='grc' dir='ltr'><strong>οἷ’μαλλαν</strong></span> 
     </span>
     <span class='ocr_line' id='line_1_13' title="bbox 182 969 1825 1029; baseline 0 -13"><span class='ocrx_word' id='word_1_122' title='bbox 182 977 284 1016; x_wconf 87' lang='lat' dir='ltr'><strong>coni.</strong></span> <span class='ocrx_word' id='word_1_123' title='bbox 319 977 477 1029; x_wconf 88' lang='lat' dir='ltr'><strong>Sauppe</strong></span> <span class='ocrx_word' id='word_1_124' title='bbox 510 990 582 1029; x_wconf 89' lang='lat' dir='ltr'><strong>pro</strong></span> <span class='ocrx_word' id='word_1_125' title='bbox 625 971 799 1017; x_wconf 65' lang='grc' dir='ltr'><strong>ἄζηλα-τον.</strong></span> <span class='ocrx_word' id='word_1_126' title='bbox 863 980 917 1017; x_wconf 90' lang='lat' dir='ltr'><strong>At</strong></span> <span class='ocrx_word' id='word_1_127' title='bbox 958 977 1127 1028; x_wconf 76' lang='lat' dir='ltr'><strong>aqricola</strong></span> <span class='ocrx_word' id='word_1_128' title='bbox 1169 969 1333 1017; x_wconf 70' lang='grc' dir='ltr'><strong>ἄπλατον</strong></span> <span class='ocrx_word' id='word_1_129' title='bbox 1374 975 1534 1018; x_wconf 80' lang='grc' dir='ltr'><strong><em>ἕκλαυσε</em></strong></span> <span class='ocrx_word' id='word_1_130' title='bbox 1568 980 1671 1028; x_wconf 87' lang='lat' dir='ltr'><strong>quod</strong></span> <span class='ocrx_word' id='word_1_131' title='bbox 1704 985 1825 1017; x_wconf 85' lang='lat' dir='ltr'><strong>terrae</strong></span> 
     </span>
     <span class='ocr_line' id='line_1_14' title="bbox 182 1041 1824 1093; baseline 0.001 -14"><span class='ocrx_word' id='word_1_132' title='bbox 182 1042 375 1092; x_wconf 80' lang='lat' dir='ltr'><strong>arefactae</strong></span> <span class='ocrx_word' id='word_1_133' title='bbox 392 1043 547 1091; x_wconf 71' lang='lat' dir='ltr'><strong>sncstra</strong></span> <span class='ocrx_word' id='word_1_134' title='bbox 573 1044 713 1081; x_wconf 80' lang='lat' dir='ltr'><strong>semina</strong></span> <span class='ocrx_word' id='word_1_135' title='bbox 739 1043 967 1090; x_wconf 81' lang='lat' dir='ltr'><strong>mandasset3</strong></span> <span class='ocrx_word' id='word_1_136' title='bbox 997 1041 1043 1080; x_wconf 85' lang='lat' dir='ltr'><strong>cf.</strong></span> <span class='ocrx_word' id='word_1_137' title='bbox 1073 1054 1109 1079; x_wconf 86' lang='lat' dir='ltr'><strong>v.</strong></span> <span class='ocrx_word' id='word_1_138' title='bbox 1134 1041 1194 1082; x_wconf 88' lang='lat'><strong>14.</strong></span> <span class='ocrx_word' id='word_1_139' title='bbox 1208 1063 1259 1069; x_wconf 92' lang='lat'>—</span> <span class='ocrx_word' id='word_1_140' title='bbox 1280 1042 1324 1080; x_wconf 92' lang='lat'>13</span> <span class='ocrx_word' id='word_1_141' title='bbox 1340 1054 1424 1093; x_wconf 87' lang='lat' dir='ltr'>sqq.</span> <span class='ocrx_word' id='word_1_142' title='bbox 1446 1047 1535 1081; x_wconf 88' lang='lat' dir='ltr'><strong>sunt</strong></span> <span class='ocrx_word' id='word_1_143' title='bbox 1558 1042 1639 1080; x_wconf 88' lang='lat' dir='ltr'><strong>fere</strong></span> <span class='ocrx_word' id='word_1_144' title='bbox 1653 1041 1824 1080; x_wconf 83' lang='lat' dir='ltr'><strong>Telluris</strong></span> 
     </span>
     <span class='ocr_line' id='line_1_15' title="bbox 183 1103 1823 1156; baseline 0 -13"><span class='ocrx_word' id='word_1_145' title='bbox 183 1104 376 1155; x_wconf 83' lang='lat' dir='ltr'><strong>querellae</strong></span> <span class='ocrx_word' id='word_1_146' title='bbox 398 1103 514 1144; x_wconf 80' lang='lat' dir='ltr'><strong>Ovid.</strong></span> <span class='ocrx_word' id='word_1_147' title='bbox 540 1104 577 1143; x_wconf 93' lang='lat'><strong>11</strong></span> <span class='ocrx_word' id='word_1_148' title='bbox 599 1103 675 1143; x_wconf 82' lang='lat'><strong>285</strong></span> <span class='ocrx_word' id='word_1_149' title='bbox 701 1118 784 1156; x_wconf 85' lang='lat' dir='ltr'>sqq.</span> <span class='ocrx_word' id='word_1_150' title='bbox 813 1106 926 1144; x_wconf 74' lang='lat' dir='ltr'><strong>hosne</strong></span> <span class='ocrx_word' id='word_1_151' title='bbox 954 1104 1044 1143; x_wconf 77' lang='lat' dir='ltr'><strong>mihi</strong></span> <span class='ocrx_word' id='word_1_152' title='bbox 1062 1106 1237 1154; x_wconf 85' lang='lat' dir='ltr'><strong>fructus,</strong></span> <span class='ocrx_word' id='word_1_153' title='bbox 1266 1105 1361 1143; x_wconf 77' lang='lat' dir='ltr'><strong>hunc</strong></span> <span class='ocrx_word' id='word_1_154' title='bbox 1379 1105 1589 1155; x_wconf 79' lang='lat' dir='ltr'><strong>fertilitatis</strong></span> <span class='ocrx_word' id='word_1_155' title='bbox 1618 1105 1791 1143; x_wconf 76' lang='lat' dir='ltr'><strong>honorem</strong></span> <span class='ocrx_word' id='word_1_156' title='bbox 1807 1127 1823 1134; x_wconf 97' lang='lat'>-</span> 
     </span>
     <span class='ocr_line' id='line_1_16' title="bbox 183 1167 1823 1219; baseline 0.002 -15"><span class='ocrx_word' id='word_1_157' title='bbox 183 1167 368 1217; x_wconf 80' lang='lat' dir='ltr'><strong>officiique</strong></span> <span class='ocrx_word' id='word_1_158' title='bbox 401 1169 538 1217; x_wconf 78' lang='lat' dir='ltr'><strong>refers,</strong></span> <span class='ocrx_word' id='word_1_159' title='bbox 572 1169 673 1218; x_wconf 82' lang='lat' dir='ltr'><strong>quod</strong></span> <span class='ocrx_word' id='word_1_160' title='bbox 704 1169 843 1207; x_wconf 77' lang='lat' dir='ltr'><strong>adunci</strong></span> <span class='ocrx_word' id='word_1_161' title='bbox 879 1169 1033 1207; x_wconf 77' lang='lat' dir='ltr'><strong>vulnera</strong></span> <span class='ocrx_word' id='word_1_162' title='bbox 1061 1170 1183 1206; x_wconf 84' lang='lat' dir='ltr'><strong>aratri</strong></span> <span class='ocrx_word' id='word_1_163' title='bbox 1197 1190 1212 1196; x_wconf 99' lang='lat'>-</span> <span class='ocrx_word' id='word_1_164' title='bbox 1227 1175 1508 1218; x_wconf 78' lang='lat' dir='ltr'><strong>rastrorumque</strong></span> <span class='ocrx_word' id='word_1_165' title='bbox 1534 1171 1624 1218; x_wconf 84' lang='lat' dir='ltr'><strong>fero</strong></span> <span class='ocrx_word' id='word_1_166' title='bbox 1664 1182 1696 1207; x_wconf 88' lang='lat' dir='ltr'><strong>e.</strong></span> <span class='ocrx_word' id='word_1_167' title='bbox 1726 1181 1763 1219; x_wconf 92' lang='lat' dir='ltr'><strong>q.</strong></span> <span class='ocrx_word' id='word_1_168' title='bbox 1793 1181 1823 1208; x_wconf 84' lang='lat' dir='ltr'><strong>s.</strong></span> 
     </span>
     <span class='ocr_line' id='line_1_17' title="bbox 183 1225 1818 1283; baseline 0.001 -15"><span class='ocrx_word' id='word_1_169' title='bbox 183 1252 233 1259; x_wconf 90' lang='lat'>-</span> <span class='ocrx_word' id='word_1_170' title='bbox 266 1230 312 1268; x_wconf 88' lang='lat'><strong>17</strong></span> <span class='ocrx_word' id='word_1_171' title='bbox 340 1231 387 1271; x_wconf 81' lang='lat' dir='ltr'><strong>cf.</strong></span> <span class='ocrx_word' id='word_1_172' title='bbox 419 1230 668 1271; x_wconf 81' lang='lat' dir='ltr'><strong>Pseudosim,</strong></span> <span class='ocrx_word' id='word_1_173' title='bbox 700 1231 773 1270; x_wconf 88' lang='lat'><strong>146</strong></span> <span class='ocrx_word' id='word_1_174' title='bbox 802 1232 848 1270; x_wconf 89' lang='grc' dir='ltr'><strong>Β.</strong></span> <span class='ocrx_word' id='word_1_175' title='bbox 885 1230 989 1283; x_wconf 66' lang='grc' dir='ltr'><strong>μέγα</strong></span> <span class='ocrx_word' id='word_1_176' title='bbox 1009 1228 1042 1269; x_wconf 64' lang='grc' dir='ltr'><strong>δ’</strong></span> <span class='ocrx_word' id='word_1_177' title='bbox 1076 1229 1213 1271; x_wconf 77' lang='grc' dir='ltr'><em>ἔστενεν</em></span> <span class='ocrx_word' id='word_1_178' title='bbox 1247 1225 1352 1277; x_wconf 80' lang='grc' dir='ltr'>Ἀσ-ις</span> <span class='ocrx_word' id='word_1_179' title='bbox 1385 1229 1446 1271; x_wconf 79' lang='grc' dir='ltr'><strong>ὑπ’</strong></span> <span class='ocrx_word' id='word_1_180' title='bbox 1484 1230 1609 1274; x_wconf 68' lang='grc' dir='ltr'><em>αὐτῶν</em></span> <span class='ocrx_word' id='word_1_181' title='bbox 1643 1231 1740 1271; x_wconf 86' lang='grc' dir='ltr'>κτλ..</span> <span class='ocrx_word' id='word_1_182' title='bbox 1771 1254 1818 1261; x_wconf 89' lang='grc'><strong>--</strong></span> 
     </span>
     <span class='ocr_line' id='line_1_18' title="bbox 187 1288 1822 1346; baseline 0.002 -15"><span class='ocrx_word' id='word_1_183' title='bbox 187 1293 234 1332; x_wconf 90' lang='lat'><strong>18</strong></span> <span class='ocrx_word' id='word_1_184' title='bbox 261 1288 379 1333; x_wconf 79' lang='grc' dir='ltr'><strong><em>καίτοι</em></strong></span> <span class='ocrx_word' id='word_1_185' title='bbox 420 1293 587 1345; x_wconf 86' lang='lat' dir='ltr'><strong>Sauppe.</strong></span> <span class='ocrx_word' id='word_1_186' title='bbox 632 1317 682 1323; x_wconf 95' lang='lat'><strong>—</strong></span> <span class='ocrx_word' id='word_1_187' title='bbox 729 1295 773 1333; x_wconf 84' lang='lat'><strong>19</strong></span> <span class='ocrx_word' id='word_1_188' title='bbox 815 1305 891 1334; x_wconf 79' lang='grc' dir='ltr'><strong>εογ</strong></span> <span class='ocrx_word' id='word_1_189' title='bbox 933 1295 1027 1346; x_wconf 83' lang='lat' dir='ltr'><strong>legi3</strong></span> <span class='ocrx_word' id='word_1_190' title='bbox 1069 1295 1208 1345; x_wconf 87' lang='lat' dir='ltr'><strong>reliqui</strong></span> <span class='ocrx_word' id='word_1_191' title='bbox 1250 1304 1349 1340; x_wconf 76' lang='grc' dir='ltr'><strong><em>εογ,</em></strong></span> <span class='ocrx_word' id='word_1_192' title='bbox 1392 1294 1492 1333; x_wconf 91' lang='lat' dir='ltr'><strong>unde</strong></span> <span class='ocrx_word' id='word_1_193' title='bbox 1536 1310 1602 1335; x_wconf 79' lang='grc' dir='ltr'><strong>σου</strong></span> <span class='ocrx_word' id='word_1_194' title='bbox 1645 1295 1822 1345; x_wconf 89' lang='lat' dir='ltr'><strong>Henzen‚</strong></span> 
     </span>
    </p>

    <p class='ocr_par' dir='ltr' id='par_1_4' title="bbox 135 1348 1826 2488">
     <span class='ocr_line' id='line_1_19' title="bbox 223 1348 1826 1420; baseline 0.001 -24.034"><span class='ocrx_word' id='word_1_195' title='bbox 223 1348 465 1396; x_wconf 62' lang='lat' dir='ltr'><strong>&#39;visconti</strong></span> <span class='ocrx_word' id='word_1_196' title='bbox 507 1379 559 1386; x_wconf 91' lang='lat'><strong>—-</strong></span> <span class='ocrx_word' id='word_1_197' title='bbox 604 1357 654 1396; x_wconf 91' lang='grc'>20</span> <span class='ocrx_word' id='word_1_198' title='bbox 690 1370 825 1397; x_wconf 89' lang='lat' dir='ltr'><strong>vereor</strong></span> <span class='ocrx_word' id='word_1_199' title='bbox 866 1372 915 1397; x_wconf 85' lang='lat' dir='ltr'><strong>ne</strong></span> <span class='ocrx_word' id='word_1_200' title='bbox 960 1350 1124 1420; x_wconf 76' lang='grc' dir='ltr'>ἄθρησης</span> <span class='ocrx_word' id='word_1_201' title='bbox 1173 1357 1341 1397; x_wconf 85' lang='lat' dir='ltr'><strong>voluerit</strong></span> <span class='ocrx_word' id='word_1_202' title='bbox 1381 1356 1573 1408; x_wconf 83' lang='lat' dir='ltr'><strong>Sulpicius</strong></span> <span class='ocrx_word' id='word_1_203' title='bbox 1619 1371 1664 1396; x_wconf 80' lang='lat' dir='ltr'><strong>ne</strong></span> <span class='ocrx_word' id='word_1_204' title='bbox 1709 1372 1826 1397; x_wconf 85' lang='lat' dir='ltr'><strong>meum</strong></span> 
     </span>
     <span class='ocr_line' id='line_1_20' title="bbox 182 1421 1825 1472; baseline 0.001 -13"><span class='ocrx_word' id='word_1_205' title='bbox 182 1421 291 1460; x_wconf 81' lang='lat' dir='ltr'><strong>telum</strong></span> <span class='ocrx_word' id='word_1_206' title='bbox 332 1421 376 1471; x_wconf 87' lang='lat' dir='ltr'><strong>(i.</strong></span> <span class='ocrx_word' id='word_1_207' title='bbox 419 1434 449 1460; x_wconf 87' lang='lat' dir='ltr'><strong>e.</strong></span> <span class='ocrx_word' id='word_1_208' title='bbox 484 1421 653 1472; x_wconf 78' lang='lat' dir='ltr'><strong>fulmen)</strong></span> <span class='ocrx_word' id='word_1_209' title='bbox 696 1423 886 1460; x_wconf 77' lang='lat' dir='ltr'><strong>ardentius</strong></span> <span class='ocrx_word' id='word_1_210' title='bbox 927 1434 999 1460; x_wconf 82' lang='lat' dir='ltr'><strong>esse</strong></span> <span class='ocrx_word' id='word_1_211' title='bbox 1041 1434 1268 1471; x_wconf 78' lang='lat' dir='ltr'><strong>coqnescas,</strong></span> <span class='ocrx_word' id='word_1_212' title='bbox 1315 1421 1404 1460; x_wconf 88' lang='lat' dir='ltr'><strong>coll.</strong></span> <span class='ocrx_word' id='word_1_213' title='bbox 1447 1434 1482 1460; x_wconf 83' lang='lat' dir='ltr'><strong>v.</strong></span> <span class='ocrx_word' id='word_1_214' title='bbox 1502 1421 1552 1460; x_wconf 81' lang='lat'>42</span> <span class='ocrx_word' id='word_1_215' title='bbox 1595 1428 1633 1460; x_wconf 89' lang='lat' dir='ltr'><strong>et</strong></span> <span class='ocrx_word' id='word_1_216' title='bbox 1658 1422 1752 1461; x_wconf 93' lang='lat' dir='ltr'><strong>Luc.</strong></span> <span class='ocrx_word' id='word_1_217' title='bbox 1788 1423 1825 1471; x_wconf 89' lang='lat'><strong>3,</strong></span> 
     </span>
     <span class='ocr_line' id='line_1_21' title="bbox 183 1484 1822 1536; baseline -0.001 -13"><span class='ocrx_word' id='word_1_218' title='bbox 183 1495 299 1535; x_wconf 88' lang='lat' dir='ltr'><strong>quem</strong></span> <span class='ocrx_word' id='word_1_219' title='bbox 331 1484 461 1523; x_wconf 92' lang='lat' dir='ltr'><strong>locum</strong></span> <span class='ocrx_word' id='word_1_220' title='bbox 487 1497 608 1536; x_wconf 86' lang='lat' dir='ltr'><strong>supra</strong></span> <span class='ocrx_word' id='word_1_221' title='bbox 635 1484 766 1523; x_wconf 82' lang='lat' dir='ltr'><strong>adtuli.</strong></span> <span class='ocrx_word' id='word_1_222' title='bbox 796 1507 845 1513; x_wconf 89' lang='lat'><strong>—-</strong></span> <span class='ocrx_word' id='word_1_223' title='bbox 874 1484 923 1523; x_wconf 88' lang='grc'><strong>22</strong></span> <span class='ocrx_word' id='word_1_224' title='bbox 950 1495 1235 1524; x_wconf 74' lang='grc' dir='ltr'><strong><em>ΑΛΛοτΡιογΔε</em></strong></span> <span class='ocrx_word' id='word_1_225' title='bbox 1262 1497 1359 1523; x_wconf 84' lang='lat' dir='ltr'><strong>corr.</strong></span> <span class='ocrx_word' id='word_1_226' title='bbox 1384 1484 1573 1523; x_wconf 86' lang='lat' dir='ltr'><strong>Visconti.</strong></span> <span class='ocrx_word' id='word_1_227' title='bbox 1589 1507 1639 1513; x_wconf 92' lang='lat'><strong>—-</strong></span> <span class='ocrx_word' id='word_1_228' title='bbox 1655 1485 1703 1524; x_wconf 89' lang='grc'><strong>23</strong></span> <span class='ocrx_word' id='word_1_229' title='bbox 1717 1498 1822 1523; x_wconf 77' lang='lat' dir='ltr'><strong>mun-</strong></span> 
     </span>
     <span class='ocr_line' id='line_1_22' title="bbox 183 1547 1818 1598; baseline 0.001 -13"><span class='ocrx_word' id='word_1_230' title='bbox 183 1547 254 1585; x_wconf 75' lang='lat' dir='ltr'><strong>dus</strong></span> <span class='ocrx_word' id='word_1_231' title='bbox 295 1559 395 1586; x_wconf 86' lang='lat' dir='ltr'><strong>meus</strong></span> <span class='ocrx_word' id='word_1_232' title='bbox 430 1554 515 1586; x_wconf 80' lang='lat' dir='ltr'><strong>tuae</strong></span> <span class='ocrx_word' id='word_1_233' title='bbox 547 1549 639 1597; x_wconf 85' lang='lat' dir='ltr'><strong>fidei</strong></span> <span class='ocrx_word' id='word_1_234' title='bbox 679 1549 910 1587; x_wconf 81' lang='lat' dir='ltr'><strong>concreditus</strong></span> <span class='ocrx_word' id='word_1_235' title='bbox 951 1555 1021 1598; x_wconf 82' lang='lat' dir='ltr'><strong>est,</strong></span> <span class='ocrx_word' id='word_1_236' title='bbox 1050 1549 1259 1598; x_wconf 71' lang='lat' dir='ltr'><strong>praeclara</strong></span> <span class='ocrx_word' id='word_1_237' title='bbox 1297 1549 1417 1587; x_wconf 80' lang='lat' dir='ltr'><strong>hercle</strong></span> <span class='ocrx_word' id='word_1_238' title='bbox 1451 1549 1531 1588; x_wconf 48' lang='lat' dir='ltr'><strong>res}</strong></span> <span class='ocrx_word' id='word_1_239' title='bbox 1556 1571 1607 1577; x_wconf 92' lang='lat'><strong>—</strong></span> <span class='ocrx_word' id='word_1_240' title='bbox 1643 1548 1693 1587; x_wconf 88' lang='grc'><strong>24</strong></span> <span class='ocrx_word' id='word_1_241' title='bbox 1728 1562 1818 1587; x_wconf 89' lang='lat' dir='ltr'><strong>con-</strong></span> 
     </span>
     <span class='ocr_line' id='line_1_23' title="bbox 183 1603 1817 1664; baseline 0.001 -16"><span class='ocrx_word' id='word_1_242' title='bbox 183 1610 312 1650; x_wconf 76' lang='lat' dir='ltr'><strong>fundit</strong></span> <span class='ocrx_word' id='word_1_243' title='bbox 337 1611 413 1649; x_wconf 87' lang='lat' dir='ltr'><strong>duo</strong></span> <span class='ocrx_word' id='word_1_244' title='bbox 441 1610 594 1649; x_wconf 79' lang='lat' dir='ltr'><strong>diversa</strong></span> <span class='ocrx_word' id='word_1_245' title='bbox 621 1610 656 1649; x_wconf 85' lang='grc' dir='ltr'><strong>ὲν</strong></span> <span class='ocrx_word' id='word_1_246' title='bbox 683 1606 792 1664; x_wconf 81' lang='grc' dir='ltr'><strong><em>φρεσὶ</em></strong></span> <span class='ocrx_word' id='word_1_247' title='bbox 819 1603 963 1652; x_wconf 70' lang='grc' dir='ltr'><strong><em>κεύθειν</em></strong></span> <span class='ocrx_word' id='word_1_248' title='bbox 990 1616 1030 1650; x_wconf 86' lang='lat' dir='ltr'><strong>et</strong></span> <span class='ocrx_word' id='word_1_249' title='bbox 1057 1611 1091 1650; x_wconf 80' lang='grc' dir='ltr'><strong>ἐν</strong></span> <span class='ocrx_word' id='word_1_250' title='bbox 1118 1607 1276 1664; x_wconf 70' lang='grc' dir='ltr'><strong>φροντίδι</strong></span> <span class='ocrx_word' id='word_1_251' title='bbox 1304 1609 1395 1664; x_wconf 77' lang='grc' dir='ltr'><strong><em>ἔχειν</em></strong></span> <span class='ocrx_word' id='word_1_252' title='bbox 1421 1627 1466 1650; x_wconf 85' lang='grc' dir='ltr'><strong>τι.</strong></span> <span class='ocrx_word' id='word_1_253' title='bbox 1495 1634 1546 1640; x_wconf 93' lang='lat'><em>—</em></span> <span class='ocrx_word' id='word_1_254' title='bbox 1572 1612 1622 1650; x_wconf 86' lang='grc'>25</span> <span class='ocrx_word' id='word_1_255' title='bbox 1651 1623 1694 1649; x_wconf 78' lang='grc' dir='ltr'><strong>εγ</strong></span> <span class='ocrx_word' id='word_1_256' title='bbox 1722 1625 1817 1651; x_wconf 87' lang='lat' dir='ltr'><strong>corr.</strong></span> 
     </span>
     <span class='ocr_line' id='line_1_24' title="bbox 185 1666 1818 1727; baseline 0 -14"><span class='ocrx_word' id='word_1_257' title='bbox 185 1673 284 1713; x_wconf 86' lang='lat' dir='ltr'><strong>Visc.</strong></span> <span class='ocrx_word' id='word_1_258' title='bbox 313 1696 363 1702; x_wconf 97' lang='lat'><strong>—</strong></span> <span class='ocrx_word' id='word_1_259' title='bbox 391 1675 442 1713; x_wconf 87' lang='lat'><strong>30</strong></span> <span class='ocrx_word' id='word_1_260' title='bbox 468 1669 584 1720; x_wconf 73' lang='grc' dir='ltr'><strong><em>καλδς</em></strong></span> <span class='ocrx_word' id='word_1_261' title='bbox 623 1666 754 1727; x_wconf 64' lang='grc' dir='ltr'>δρόμος</span> <span class='ocrx_word' id='word_1_262' title='bbox 787 1675 1052 1726; x_wconf 83' lang='lat' dir='ltr'><strong>parenthetice</strong></span> <span class='ocrx_word' id='word_1_263' title='bbox 1090 1675 1243 1715; x_wconf 89' lang='lat' dir='ltr'><strong>dictum.</strong></span> <span class='ocrx_word' id='word_1_264' title='bbox 1281 1697 1331 1704; x_wconf 94' lang='grc'><strong>--</strong></span> <span class='ocrx_word' id='word_1_265' title='bbox 1360 1677 1408 1714; x_wconf 85' lang='grc'><strong>33</strong></span> <span class='ocrx_word' id='word_1_266' title='bbox 1442 1676 1581 1714; x_wconf 82' lang='lat' dir='ltr'><strong>medius</strong></span> <span class='ocrx_word' id='word_1_267' title='bbox 1617 1678 1818 1714; x_wconf 72' lang='lat' dir='ltr'><strong>tutissimus·</strong></span> 
     </span>
     <span class='ocr_line' id='line_1_25' title="bbox 183 1737 1818 1779; baseline 0.002 -4"><span class='ocrx_word' id='word_1_268' title='bbox 183 1737 254 1775; x_wconf 84' lang='lat' dir='ltr'><strong>ibis</strong></span> <span class='ocrx_word' id='word_1_269' title='bbox 291 1737 408 1776; x_wconf 82' lang='lat' dir='ltr'><strong>Ovid.</strong></span> <span class='ocrx_word' id='word_1_270' title='bbox 449 1737 490 1775; x_wconf 90' lang='lat'><strong>11</strong></span> <span class='ocrx_word' id='word_1_271' title='bbox 535 1738 617 1778; x_wconf 87' lang='grc'><strong>137.</strong></span> <span class='ocrx_word' id='word_1_272' title='bbox 646 1760 696 1767; x_wconf 91' lang='lat'><strong>—-</strong></span> <span class='ocrx_word' id='word_1_273' title='bbox 723 1739 772 1778; x_wconf 87' lang='grc'><strong>36</strong></span> <span class='ocrx_word' id='word_1_274' title='bbox 803 1749 918 1776; x_wconf 75' lang='grc' dir='ltr'><strong><em>εΔεΥε</em></strong></span> <span class='ocrx_word' id='word_1_275' title='bbox 958 1750 1055 1778; x_wconf 88' lang='lat' dir='ltr'><strong>corr.</strong></span> <span class='ocrx_word' id='word_1_276' title='bbox 1090 1739 1193 1778; x_wconf 77' lang='lat' dir='ltr'><strong>Vise.</strong></span> <span class='ocrx_word' id='word_1_277' title='bbox 1230 1762 1280 1767; x_wconf 91' lang='lat'><em>-</em></span> <span class='ocrx_word' id='word_1_278' title='bbox 1316 1740 1365 1777; x_wconf 88' lang='lat'><strong>37</strong></span> <span class='ocrx_word' id='word_1_279' title='bbox 1401 1738 1517 1778; x_wconf 91' lang='lat' dir='ltr'><strong>Ovid.</strong></span> <span class='ocrx_word' id='word_1_280' title='bbox 1558 1739 1598 1777; x_wconf 91' lang='lat' dir='ltr'><strong>II</strong></span> <span class='ocrx_word' id='word_1_281' title='bbox 1642 1740 1726 1779; x_wconf 88' lang='lat'>135.</span> <span class='ocrx_word' id='word_1_282' title='bbox 1768 1761 1818 1767; x_wconf 89' lang='lat'><strong>——</strong></span> 
     </span>
     <span class='ocr_line' id='line_1_26' title="bbox 185 1793 1819 1854; baseline 0.001 -15"><span class='ocrx_word' id='word_1_283' title='bbox 185 1799 234 1838; x_wconf 88' lang='lat'>38</span> <span class='ocrx_word' id='word_1_284' title='bbox 276 1798 408 1853; x_wconf 72' lang='grc' dir='ltr'><strong><em>πρέψει</em></strong></span> <span class='ocrx_word' id='word_1_285' title='bbox 447 1793 542 1840; x_wconf 72' lang='grc' dir='ltr'><strong><em>ἐτεὸν</em></strong></span> <span class='ocrx_word' id='word_1_286' title='bbox 597 1796 693 1854; x_wconf 75' lang='grc' dir='ltr'><strong><em>ψοίας</em></strong></span> <span class='ocrx_word' id='word_1_287' title='bbox 721 1801 903 1849; x_wconf 84' lang='lat' dir='ltr'><strong>Henzen3</strong></span> <span class='ocrx_word' id='word_1_288' title='bbox 952 1801 1020 1840; x_wconf 88' lang='lat' dir='ltr'><strong>sed</strong></span> <span class='ocrx_word' id='word_1_289' title='bbox 1063 1801 1248 1840; x_wconf 82' lang='lat' dir='ltr'><strong>omissum</strong></span> <span class='ocrx_word' id='word_1_290' title='bbox 1296 1794 1338 1840; x_wconf 67' lang='grc' dir='ltr'><strong>ἄν</strong></span> <span class='ocrx_word' id='word_1_291' title='bbox 1385 1802 1579 1840; x_wconf 88' lang='lat' dir='ltr'><strong>neminem</strong></span> <span class='ocrx_word' id='word_1_292' title='bbox 1625 1802 1819 1851; x_wconf 53' lang='lat' dir='ltr'><strong>offendam</strong></span> 
     </span>
     <span class='ocr_line' id='line_1_27' title="bbox 183 1857 1819 1916; baseline 0.001 -13"><span class='ocrx_word' id='word_1_293' title='bbox 183 1878 226 1903; x_wconf 85' lang='grc' dir='ltr'><strong><em>τε</em></strong></span> <span class='ocrx_word' id='word_1_294' title='bbox 259 1857 339 1903; x_wconf 74' lang='grc' dir='ltr'><strong>τεόν</strong></span> <span class='ocrx_word' id='word_1_295' title='bbox 373 1863 542 1916; x_wconf 83' lang='lat' dir='ltr'><strong>Sauppe.</strong></span> <span class='ocrx_word' id='word_1_296' title='bbox 585 1864 702 1904; x_wconf 87' lang='lat' dir='ltr'><strong>Ovid.</strong></span> <span class='ocrx_word' id='word_1_297' title='bbox 739 1865 777 1903; x_wconf 88' lang='lat'><strong>11</strong></span> <span class='ocrx_word' id='word_1_298' title='bbox 815 1865 887 1903; x_wconf 90' lang='lat'><strong>134</strong></span> <span class='ocrx_word' id='word_1_299' title='bbox 922 1871 1032 1915; x_wconf 86' lang='lat' dir='ltr'><strong>utque</strong></span> <span class='ocrx_word' id='word_1_300' title='bbox 1063 1867 1199 1915; x_wconf 82' lang='lat' dir='ltr'><strong>serant</strong></span> <span class='ocrx_word' id='word_1_301' title='bbox 1229 1876 1368 1914; x_wconf 83' lang='lat' dir='ltr'><strong>aequos</strong></span> <span class='ocrx_word' id='word_1_302' title='bbox 1405 1871 1438 1903; x_wconf 85' lang='lat' dir='ltr'><strong>et</strong></span> <span class='ocrx_word' id='word_1_303' title='bbox 1479 1865 1622 1904; x_wconf 81' lang='lat' dir='ltr'><strong>caelum</strong></span> <span class='ocrx_word' id='word_1_304' title='bbox 1654 1872 1688 1904; x_wconf 87' lang='lat' dir='ltr'><strong>et</strong></span> <span class='ocrx_word' id='word_1_305' title='bbox 1718 1873 1819 1904; x_wconf 80' lang='lat' dir='ltr'><strong>terra</strong></span> 
     </span>
     <span class='ocr_line' id='line_1_28' title="bbox 185 1927 1819 1979; baseline 0.001 -13"><span class='ocrx_word' id='word_1_306' title='bbox 185 1927 337 1967; x_wconf 76' lang='lat' dir='ltr'><strong>calores.</strong></span> <span class='ocrx_word' id='word_1_307' title='bbox 376 1949 422 1956; x_wconf 90' lang='lat'><strong>-—</strong></span> <span class='ocrx_word' id='word_1_308' title='bbox 460 1927 509 1967; x_wconf 88' lang='grc'><strong>39</strong></span> <span class='ocrx_word' id='word_1_309' title='bbox 547 1929 740 1968; x_wconf 81' lang='lat' dir='ltr'><strong>sententia</strong></span> <span class='ocrx_word' id='word_1_310' title='bbox 771 1928 910 1968; x_wconf 89' lang='lat' dir='ltr'><strong>inscite</strong></span> <span class='ocrx_word' id='word_1_311' title='bbox 936 1941 1140 1979; x_wconf 84' lang='lat' dir='ltr'><strong>expressa:</strong></span> <span class='ocrx_word' id='word_1_312' title='bbox 1170 1935 1203 1966; x_wconf 88' lang='lat' dir='ltr'><strong>et</strong></span> <span class='ocrx_word' id='word_1_313' title='bbox 1234 1929 1421 1966; x_wconf 76' lang='lat' dir='ltr'><strong>hominum</strong></span> <span class='ocrx_word' id='word_1_314' title='bbox 1451 1941 1581 1978; x_wconf 81' lang='lat' dir='ltr'><strong>preces</strong></span> <span class='ocrx_word' id='word_1_315' title='bbox 1615 1941 1728 1979; x_wconf 78' lang='lat' dir='ltr'><strong>usque</strong></span> <span class='ocrx_word' id='word_1_316' title='bbox 1755 1942 1819 1967; x_wconf 85' lang='lat' dir='ltr'><strong>eae</strong></span> 
     </span>
     <span class='ocr_line' id='line_1_29' title="bbox 185 1992 1818 2042; baseline 0.001 -13"><span class='ocrx_word' id='word_1_317' title='bbox 185 1997 307 2040; x_wconf 78' lang='lat' dir='ltr'><strong>erunt,</strong></span> <span class='ocrx_word' id='word_1_318' title='bbox 341 1997 383 2030; x_wconf 84' lang='lat' dir='ltr'><strong>ut</strong></span> <span class='ocrx_word' id='word_1_319' title='bbox 406 2003 482 2029; x_wconf 80' lang='lat' dir='ltr'><strong>non</strong></span> <span class='ocrx_word' id='word_1_320' title='bbox 500 1992 544 2030; x_wconf 86' lang='lat' dir='ltr'><strong>de</strong></span> <span class='ocrx_word' id='word_1_321' title='bbox 572 1993 718 2030; x_wconf 85' lang='lat' dir='ltr'><strong>damnis</strong></span> <span class='ocrx_word' id='word_1_322' title='bbox 746 1995 797 2030; x_wconf 85' lang='lat' dir='ltr'><strong>eis</strong></span> <span class='ocrx_word' id='word_1_323' title='bbox 825 1993 1047 2042; x_wconf 78' lang='lat' dir='ltr'><strong>querendum</strong></span> <span class='ocrx_word' id='word_1_324' title='bbox 1084 1995 1141 2031; x_wconf 82' lang='lat' dir='ltr'><strong>sit.</strong></span> <span class='ocrx_word' id='word_1_325' title='bbox 1171 2013 1219 2020; x_wconf 95' lang='lat'>—</span> <span class='ocrx_word' id='word_1_326' title='bbox 1250 1992 1301 2029; x_wconf 87' lang='lat'><strong>40</strong></span> <span class='ocrx_word' id='word_1_327' title='bbox 1326 1994 1384 2030; x_wconf 77' lang='lat' dir='ltr'><strong>sin</strong></span> <span class='ocrx_word' id='word_1_328' title='bbox 1409 2004 1496 2030; x_wconf 83' lang='lat' dir='ltr'><strong>vero</strong></span> <span class='ocrx_word' id='word_1_329' title='bbox 1522 1994 1654 2030; x_wconf 88' lang='lat' dir='ltr'><strong>iterum</strong></span> <span class='ocrx_word' id='word_1_330' title='bbox 1674 2005 1818 2042; x_wconf 80' lang='lat' dir='ltr'><strong>poenae</strong></span> 
     </span>
     <span class='ocr_line' id='line_1_30' title="bbox 184 2055 1816 2105; baseline 0.001 -12"><span class='ocrx_word' id='word_1_331' title='bbox 184 2067 260 2093; x_wconf 77' lang='lat' dir='ltr'><strong>non</strong></span> <span class='ocrx_word' id='word_1_332' title='bbox 285 2060 444 2094; x_wconf 76' lang='lat' dir='ltr'><strong>metuens</strong></span> <span class='ocrx_word' id='word_1_333' title='bbox 471 2067 599 2093; x_wconf 87' lang='lat' dir='ltr'><strong>curam</strong></span> <span class='ocrx_word' id='word_1_334' title='bbox 625 2061 726 2094; x_wconf 81' lang='lat' dir='ltr'><strong>tuam</strong></span> <span class='ocrx_word' id='word_1_335' title='bbox 753 2056 928 2105; x_wconf 73' lang='lat' dir='ltr'><strong>neyteqes,</strong></span> <span class='ocrx_word' id='word_1_336' title='bbox 947 2056 1096 2104; x_wconf 83' lang='lat' dir='ltr'><strong>fulmen</strong></span> <span class='ocrx_word' id='word_1_337' title='bbox 1123 2067 1242 2093; x_wconf 86' lang='lat' dir='ltr'><strong>meum</strong></span> <span class='ocrx_word' id='word_1_338' title='bbox 1270 2061 1302 2092; x_wconf 87' lang='lat' dir='ltr'><strong>te</strong></span> <span class='ocrx_word' id='word_1_339' title='bbox 1336 2057 1438 2104; x_wconf 83' lang='lat' dir='ltr'><strong>equis</strong></span> <span class='ocrx_word' id='word_1_340' title='bbox 1474 2057 1582 2094; x_wconf 85' lang='lat' dir='ltr'><strong>citius</strong></span> <span class='ocrx_word' id='word_1_341' title='bbox 1609 2058 1649 2093; x_wconf 81' lang='lat' dir='ltr'><strong>in</strong></span> <span class='ocrx_word' id='word_1_342' title='bbox 1682 2055 1816 2094; x_wconf 86' lang='lat' dir='ltr'><strong>Tarta-</strong></span> 
     </span>
     <span class='ocr_line' id='line_1_31' title="bbox 135 2106 1819 2169; baseline -0.001 -13"><span class='ocrx_word' id='word_1_343' title='bbox 135 2134 138 2138; x_wconf 46' lang='lat'><em>*</em></span> <span class='ocrx_word' id='word_1_344' title='bbox 183 2106 270 2156; x_wconf 65' lang='lat' dir='ltr'><strong>&#39;rum</strong></span> <span class='ocrx_word' id='word_1_345' title='bbox 302 2117 524 2158; x_wconf 76' lang='lat' dir='ltr'><strong>deturbabit.</strong></span> <span class='ocrx_word' id='word_1_346' title='bbox 584 2117 692 2157; x_wconf 87' lang='lat' dir='ltr'><strong>Haec</strong></span> <span class='ocrx_word' id='word_1_347' title='bbox 731 2118 922 2157; x_wconf 87' lang='lat' dir='ltr'><strong>sententia</strong></span> <span class='ocrx_word' id='word_1_348' title='bbox 953 2119 1105 2158; x_wconf 80' lang='lat' dir='ltr'><strong>videtur</strong></span> <span class='ocrx_word' id='word_1_349' title='bbox 1137 2131 1220 2158; x_wconf 82' lang='lat' dir='ltr'><strong>esse</strong></span> <span class='ocrx_word' id='word_1_350' title='bbox 1228 2133 1239 2168; x_wconf 66' lang='grc' dir='ltr'><strong><em>ς</em></strong></span> <span class='ocrx_word' id='word_1_351' title='bbox 1277 2118 1365 2169; x_wconf 86' lang='lat' dir='ltr'><strong>ipsa</strong></span> <span class='ocrx_word' id='word_1_352' title='bbox 1405 2118 1522 2156; x_wconf 88' lang='lat' dir='ltr'><strong>verba</strong></span> <span class='ocrx_word' id='word_1_353' title='bbox 1561 2118 1628 2157; x_wconf 86' lang='lat' dir='ltr'><strong>vix</strong></span> <span class='ocrx_word' id='word_1_354' title='bbox 1668 2118 1819 2157; x_wconf 87' lang='lat' dir='ltr'><strong>restitui</strong></span> 
     </span>
     <span class='ocr_line' id='line_1_32' title="bbox 184 2179 1820 2233; baseline 0 -13"><span class='ocrx_word' id='word_1_355' title='bbox 184 2185 378 2232; x_wconf 77' lang='lat' dir='ltr'><strong>poterunt.</strong></span> <span class='ocrx_word' id='word_1_356' title='bbox 434 2179 509 2220; x_wconf 85' lang='lat' dir='ltr'><strong>Vv.</strong></span> <span class='ocrx_word' id='word_1_357' title='bbox 524 2181 573 2219; x_wconf 87' lang='lat'>41</span> <span class='ocrx_word' id='word_1_358' title='bbox 590 2182 670 2219; x_wconf 89' lang='lat'><strong>-43</strong></span> <span class='ocrx_word' id='word_1_359' title='bbox 698 2181 738 2219; x_wconf 90' lang='lat' dir='ltr'><strong>in</strong></span> <span class='ocrx_word' id='word_1_360' title='bbox 765 2182 960 2221; x_wconf 88' lang='lat' dir='ltr'><strong>volumine</strong></span> <span class='ocrx_word' id='word_1_361' title='bbox 983 2182 1117 2233; x_wconf 87' lang='lat' dir='ltr'><strong>scripti</strong></span> <span class='ocrx_word' id='word_1_362' title='bbox 1146 2189 1253 2231; x_wconf 85' lang='lat' dir='ltr'><strong>sunt,</strong></span> <span class='ocrx_word' id='word_1_363' title='bbox 1290 2181 1396 2232; x_wconf 90' lang='lat' dir='ltr'><strong>quod</strong></span> <span class='ocrx_word' id='word_1_364' title='bbox 1431 2194 1528 2231; x_wconf 90' lang='lat' dir='ltr'><strong>puer</strong></span> <span class='ocrx_word' id='word_1_365' title='bbox 1554 2194 1672 2220; x_wconf 89' lang='lat' dir='ltr'><strong>manu</strong></span> <span class='ocrx_word' id='word_1_366' title='bbox 1700 2184 1820 2230; x_wconf 85' lang='lat' dir='ltr'><strong>tenet,</strong></span> 
     </span>
     <span class='ocr_line' id='line_1_33' title="bbox 187 2242 1817 2296; baseline 0 -14"><span class='ocrx_word' id='word_1_367' title='bbox 187 2242 308 2295; x_wconf 84' lang='lat' dir='ltr'><strong>idque</strong></span> <span class='ocrx_word' id='word_1_368' title='bbox 333 2244 473 2284; x_wconf 88' lang='lat' dir='ltr'><strong>litteris</strong></span> <span class='ocrx_word' id='word_1_369' title='bbox 499 2244 625 2283; x_wconf 89' lang='lat' dir='ltr'><strong>multo</strong></span> <span class='ocrx_word' id='word_1_370' title='bbox 652 2245 867 2285; x_wconf 85' lang='lat' dir='ltr'><strong>minoribus</strong></span> <span class='ocrx_word' id='word_1_371' title='bbox 893 2245 1084 2295; x_wconf 81' lang='lat' dir='ltr'><strong>valdeque</strong></span> <span class='ocrx_word' id='word_1_372' title='bbox 1111 2245 1299 2284; x_wconf 87' lang='lat' dir='ltr'><strong>conrosis</strong></span> <span class='ocrx_word' id='word_1_373' title='bbox 1353 2245 1449 2296; x_wconf 84' lang='lat' dir='ltr'><strong>Legi</strong></span> <span class='ocrx_word' id='word_1_374' title='bbox 1475 2258 1510 2283; x_wconf 80' lang='lat' dir='ltr'><strong>v.</strong></span> <span class='ocrx_word' id='word_1_375' title='bbox 1531 2245 1580 2283; x_wconf 90' lang='lat'>43</span> <span class='ocrx_word' id='word_1_376' title='bbox 1609 2255 1669 2282; x_wconf 79' lang='grc' dir='ltr'><strong>ηω</strong></span> <span class='ocrx_word' id='word_1_377' title='bbox 1693 2245 1699 2296; x_wconf 85' lang='grc' dir='ltr'>Ι</span> <span class='ocrx_word' id='word_1_378' title='bbox 1722 2256 1817 2282; x_wconf 83' lang='grc' dir='ltr'><strong>ΛωΝ</strong></span> 
     </span>
     <span class='ocr_line' id='line_1_34' title="bbox 186 2306 1818 2368; baseline -0.002 -20"><span class='ocrx_word' id='word_1_379' title='bbox 186 2316 389 2348; x_wconf 74' lang='lat' dir='ltr'>cwxocAc</span> <span class='ocrx_word' id='word_1_380' title='bbox 419 2309 425 2357; x_wconf 96' lang='grc' dir='ltr'>Ι</span> <span class='ocrx_word' id='word_1_381' title='bbox 456 2318 750 2368; x_wconf 45' lang='lat' dir='ltr'><strong>mace-umam&amp;</strong></span> <span class='ocrx_word' id='word_1_382' title='bbox 779 2308 845 2346; x_wconf 90' lang='lat' dir='ltr'><strong>ubi</strong></span> <span class='ocrx_word' id='word_1_383' title='bbox 873 2315 1002 2347; x_wconf 86' lang='lat' dir='ltr'><strong>tamen</strong></span> <span class='ocrx_word' id='word_1_384' title='bbox 1030 2321 1129 2359; x_wconf 87' lang='lat' dir='ltr'><strong>quas</strong></span> <span class='ocrx_word' id='word_1_385' title='bbox 1157 2308 1311 2359; x_wconf 87' lang='lat' dir='ltr'><strong>punctis</strong></span> <span class='ocrx_word' id='word_1_386' title='bbox 1338 2308 1471 2346; x_wconf 85' lang='lat' dir='ltr'><strong>notavi</strong></span> <span class='ocrx_word' id='word_1_387' title='bbox 1490 2306 1711 2347; x_wconf 87' lang='lat' dir='ltr'><strong>incertiores</strong></span> <span class='ocrx_word' id='word_1_388' title='bbox 1729 2312 1818 2345; x_wconf 88' lang='lat' dir='ltr'><strong>sunt</strong></span> 
     </span>
     <span class='ocr_line' id='line_1_35' title="bbox 186 2359 1818 2423; baseline 0.001 -16"><span class='ocrx_word' id='word_1_389' title='bbox 186 2359 355 2419; x_wconf 74' lang='lat' dir='ltr'><strong>litterae3</strong></span> <span class='ocrx_word' id='word_1_390' title='bbox 387 2383 460 2421; x_wconf 85' lang='lat' dir='ltr'><strong>pro</strong></span> <span class='ocrx_word' id='word_1_391' title='bbox 495 2371 612 2415; x_wconf 68' lang='grc' dir='ltr'><strong><em>σῶκος</em></strong></span> <span class='ocrx_word' id='word_1_392' title='bbox 646 2361 776 2421; x_wconf 84' lang='lat' dir='ltr'><strong>potest</strong></span> <span class='ocrx_word' id='word_1_393' title='bbox 808 2371 927 2410; x_wconf 86' lang='lat' dir='ltr'><strong>fuisse</strong></span> <span class='ocrx_word' id='word_1_394' title='bbox 963 2370 1024 2420; x_wconf 81' lang='grc' dir='ltr'><strong><em>σ-έ,</em></strong></span> <span class='ocrx_word' id='word_1_395' title='bbox 1066 2365 1169 2420; x_wconf 76' lang='grc' dir='ltr'><strong><em>θεός,</em></strong></span> <span class='ocrx_word' id='word_1_396' title='bbox 1211 2368 1339 2423; x_wconf 72' lang='grc' dir='ltr'><strong><em>δέμας</em></strong></span> <span class='ocrx_word' id='word_1_397' title='bbox 1395 2370 1487 2410; x_wconf 89' lang='lat' dir='ltr'><strong>Non</strong></span> <span class='ocrx_word' id='word_1_398' title='bbox 1523 2375 1627 2410; x_wconf 82' lang='lat' dir='ltr'><strong>recte</strong></span> <span class='ocrx_word' id='word_1_399' title='bbox 1660 2369 1818 2421; x_wconf 86' lang='lat' dir='ltr'><strong>Sauppe</strong></span> 
     </span>
     <span class='ocr_line' id='line_1_36' title="bbox 187 2424 973 2488; baseline 0.003 -17"><span class='ocrx_word' id='word_1_400' title='bbox 187 2424 318 2472; x_wconf 62' lang='grc' dir='ltr'><em>πώλων</em></span> <span class='ocrx_word' id='word_1_401' title='bbox 346 2448 388 2472; x_wconf 78' lang='grc' dir='ltr'><strong><em>σε</em></strong></span> <span class='ocrx_word' id='word_1_402' title='bbox 414 2427 493 2472; x_wconf 70' lang='grc' dir='ltr'><strong>τεόν</strong></span> <span class='ocrx_word' id='word_1_403' title='bbox 519 2448 560 2472; x_wconf 87' lang='grc' dir='ltr'><strong><em>τε</em></strong></span> <span class='ocrx_word' id='word_1_404' title='bbox 589 2428 874 2485; x_wconf 60' lang='grc' dir='ltr'><strong><em>δαμάσσεται</em></strong></span> <span class='ocrx_word' id='word_1_405' title='bbox 855 2427 973 2488; x_wconf 75' lang='grc' dir='ltr'><strong><em>οίρμα.</em></strong></span> 
     </span>
    </p>

    <p class='ocr_par' dir='ltr' id='par_1_5' title="bbox 187 2495 1818 2928">
     <span class='ocr_line' id='line_1_37' title="bbox 290 2495 1818 2548; baseline 0 -14"><span class='ocrx_word' id='word_1_406' title='bbox 290 2496 588 2547; x_wconf 83' lang='lat' dir='ltr'><strong>Epigrammata</strong></span> <span class='ocrx_word' id='word_1_407' title='bbox 622 2498 755 2536; x_wconf 87' lang='lat' dir='ltr'><strong>eadem</strong></span> <span class='ocrx_word' id='word_1_408' title='bbox 790 2511 1057 2546; x_wconf 82' lang='lat' dir='ltr'><strong>numerorum,</strong></span> <span class='ocrx_word' id='word_1_409' title='bbox 1100 2495 1333 2548; x_wconf 78' lang='lat' dir='ltr'><strong>elegantiore</strong></span> <span class='ocrx_word' id='word_1_410' title='bbox 1365 2495 1519 2537; x_wconf 87' lang='lat' dir='ltr'><strong>dicendi</strong></span> <span class='ocrx_word' id='word_1_411' title='bbox 1554 2501 1636 2536; x_wconf 86' lang='lat' dir='ltr'><strong>arte</strong></span> <span class='ocrx_word' id='word_1_412' title='bbox 1670 2495 1818 2548; x_wconf 86' lang='lat' dir='ltr'><strong>scripta</strong></span> 
     </span>
     <span class='ocr_line' id='line_1_38' title="bbox 188 2554 1815 2613; baseline 0.001 -17"><span class='ocrx_word' id='word_1_413' title='bbox 188 2566 286 2598; x_wconf 84' lang='lat' dir='ltr'><strong>sunt.</strong></span> <span class='ocrx_word' id='word_1_414' title='bbox 329 2582 378 2588; x_wconf 89' lang='lat'>—</span> <span class='ocrx_word' id='word_1_415' title='bbox 418 2561 443 2598; x_wconf 89' lang='lat'>4</span> <span class='ocrx_word' id='word_1_416' title='bbox 488 2564 714 2610; x_wconf 75' lang='lat' dir='ltr'><strong>expectares</strong></span> <span class='ocrx_word' id='word_1_417' title='bbox 763 2554 839 2599; x_wconf 65' lang='grc' dir='ltr'><strong>οὔτ’</strong></span> <span class='ocrx_word' id='word_1_418' title='bbox 881 2554 1021 2613; x_wconf 74' lang='grc' dir='ltr'><em>δ’ρῲνης.</em></span> <span class='ocrx_word' id='word_1_419' title='bbox 1061 2583 1106 2590; x_wconf 84' lang='grc'><em>-</em></span> <span class='ocrx_word' id='word_1_420' title='bbox 1147 2562 1169 2599; x_wconf 88' lang='grc'><em>5</em></span> <span class='ocrx_word' id='word_1_421' title='bbox 1217 2561 1318 2599; x_wconf 87' lang='lat' dir='ltr'><strong>male</strong></span> <span class='ocrx_word' id='word_1_422' title='bbox 1364 2567 1453 2611; x_wconf 84' lang='lat' dir='ltr'><strong>post</strong></span> <span class='ocrx_word' id='word_1_423' title='bbox 1504 2555 1654 2613; x_wconf 80' lang='grc' dir='ltr'><strong>λίτομαι</strong></span> <span class='ocrx_word' id='word_1_424' title='bbox 1701 2559 1815 2609; x_wconf 88' lang='lat' dir='ltr'><strong>plene</strong></span> 
     </span>
     <span class='ocr_line' id='line_1_39' title="bbox 188 2614 1815 2699; baseline 0 -39"><span class='ocrx_word' id='word_1_425' title='bbox 188 2620 470 2668; x_wconf 84' lang='lat' dir='ltr'><strong>distinxerunt,</strong></span> <span class='ocrx_word' id='word_1_426' title='bbox 521 2614 624 2662; x_wconf 73' lang='grc' dir='ltr'>ἄλλοί</span> <span class='ocrx_word' id='word_1_427' title='bbox 675 2624 858 2699; x_wconf 80' lang='lat' dir='ltr'><strong>postponi</strong></span> <span class='ocrx_word' id='word_1_428' title='bbox 907 2631 1038 2663; x_wconf 91' lang='lat' dir='ltr'><strong>notum</strong></span> <span class='ocrx_word' id='word_1_429' title='bbox 1089 2629 1160 2662; x_wconf 86' lang='lat' dir='ltr'><strong>est.</strong></span> <span class='ocrx_word' id='word_1_430' title='bbox 1211 2647 1261 2652; x_wconf 93' lang='lat'><strong>—</strong></span> <span class='ocrx_word' id='word_1_431' title='bbox 1310 2625 1332 2662; x_wconf 94' lang='lat'>7</span> <span class='ocrx_word' id='word_1_432' title='bbox 1381 2615 1577 2677; x_wconf 71' lang='grc' dir='ltr'><strong><em>εύῲῆμ[ει]</em></strong></span> <span class='ocrx_word' id='word_1_433' title='bbox 1628 2623 1815 2671; x_wconf 78' lang='lat' dir='ltr'><strong>visconti,</strong></span> 
     </span>
     <span class='ocr_line' id='line_1_40' title="bbox 189 2680 1814 2739; baseline 0 -16"><span class='ocrx_word' id='word_1_434' title='bbox 189 2696 260 2723; x_wconf 83' lang='lat' dir='ltr'><strong>nec</strong></span> <span class='ocrx_word' id='word_1_435' title='bbox 298 2685 438 2724; x_wconf 87' lang='lat' dir='ltr'><strong>melius</strong></span> <span class='ocrx_word' id='word_1_436' title='bbox 478 2685 639 2724; x_wconf 85' lang='lat' dir='ltr'><strong>Henzen</strong></span> <span class='ocrx_word' id='word_1_437' title='bbox 686 2680 859 2739; x_wconf 71' lang='grc' dir='ltr'><strong><em>εὔφημον</em></strong></span> <span class='ocrx_word' id='word_1_438' title='bbox 900 2687 949 2725; x_wconf 88' lang='lat' dir='ltr'><strong>ad</strong></span> <span class='ocrx_word' id='word_1_439' title='bbox 985 2701 1212 2739; x_wconf 70' lang='grc' dir='ltr'><strong><em>’γραμματος</em></strong></span> <span class='ocrx_word' id='word_1_440' title='bbox 1252 2699 1334 2726; x_wconf 78' lang='lat' dir='ltr'><strong>voc,</strong></span> <span class='ocrx_word' id='word_1_441' title='bbox 1369 2687 1497 2726; x_wconf 86' lang='lat' dir='ltr'><strong>refert.</strong></span> <span class='ocrx_word' id='word_1_442' title='bbox 1526 2709 1576 2716; x_wconf 91' lang='lat'>—</span> <span class='ocrx_word' id='word_1_443' title='bbox 1605 2687 1628 2723; x_wconf 85' lang='lat'>9</span> <span class='ocrx_word' id='word_1_444' title='bbox 1662 2685 1814 2724; x_wconf 83' lang='lat' dir='ltr'><strong>Gallim.</strong></span> 
     </span>
     <span class='ocr_line' id='line_1_41' title="bbox 187 2741 1816 2812; baseline 0.001 -26"><span class='ocrx_word' id='word_1_445' title='bbox 187 2759 248 2798; x_wconf 79' lang='lat' dir='ltr'><strong>ep.</strong></span> <span class='ocrx_word' id='word_1_446' title='bbox 283 2747 306 2786; x_wconf 82' lang='grc'>2</span> <span class='ocrx_word' id='word_1_447' title='bbox 335 2747 448 2789; x_wconf 80' lang='lat' dir='ltr'><strong>Schn.</strong></span> <span class='ocrx_word' id='word_1_448' title='bbox 476 2746 515 2787; x_wconf 82' lang='grc' dir='ltr'><strong>αἶ</strong></span> <span class='ocrx_word' id='word_1_449' title='bbox 542 2746 580 2788; x_wconf 74' lang='grc' dir='ltr'><strong>δὲ</strong></span> <span class='ocrx_word' id='word_1_450' title='bbox 607 2764 687 2788; x_wconf 85' lang='grc' dir='ltr'><strong><em>τεαι</em></strong></span> <span class='ocrx_word' id='word_1_451' title='bbox 716 2741 865 2794; x_wconf 61' lang='lat' dir='ltr'><strong>&lt;moun-w</strong></span> <span class='ocrx_word' id='word_1_452' title='bbox 885 2744 1095 2800; x_wconf 66' lang='grc' dir='ltr'><strong>οἰηὸἆνες,</strong></span> <span class='ocrx_word' id='word_1_453' title='bbox 1067 2751 1145 2812; x_wconf 78' lang='grc' dir='ltr'><em>ἡσιν</em></span> <span class='ocrx_word' id='word_1_454' title='bbox 1172 2748 1188 2788; x_wconf 76' lang='grc' dir='ltr'>ὅ</span> <span class='ocrx_word' id='word_1_455' title='bbox 1220 2763 1360 2789; x_wconf 84' lang='grc' dir='ltr'><em>παντων</em></span> <span class='ocrx_word' id='word_1_456' title='bbox 1380 2743 1570 2803; x_wconf 70' lang='grc' dir='ltr'><strong>ἀρπακτηρ</strong></span> <span class='ocrx_word' id='word_1_457' title='bbox 1593 2746 1720 2799; x_wconf 72' lang='grc' dir='ltr'><em>Ἀίδης</em></span> <span class='ocrx_word' id='word_1_458' title='bbox 1750 2747 1816 2787; x_wconf 61' lang='lat' dir='ltr'><strong>oin</strong></span> 
     </span>
     <span class='ocr_line' id='line_1_42' title="bbox 189 2804 1815 2865; baseline 0.001 -17"><span class='ocrx_word' id='word_1_459' title='bbox 189 2804 243 2848; x_wconf 75' lang='grc' dir='ltr'><strong>ἐπὶ</strong></span> <span class='ocrx_word' id='word_1_460' title='bbox 276 2808 381 2865; x_wconf 72' lang='grc' dir='ltr'><strong><em>χεῖρα</em></strong></span> <span class='ocrx_word' id='word_1_461' title='bbox 399 2811 522 2865; x_wconf 79' lang='grc' dir='ltr'><strong><em>βαλεῖ.</em></strong></span> <span class='ocrx_word' id='word_1_462' title='bbox 543 2835 593 2842; x_wconf 92' lang='grc'><strong>-</strong></span> <span class='ocrx_word' id='word_1_463' title='bbox 617 2812 662 2851; x_wconf 82' lang='grc'><strong>12</strong></span> <span class='ocrx_word' id='word_1_464' title='bbox 692 2814 774 2852; x_wconf 79' lang='lat' dir='ltr'><strong>laus</strong></span> <span class='ocrx_word' id='word_1_465' title='bbox 801 2816 1005 2852; x_wconf 79' lang='lat' dir='ltr'><strong>carminum</strong></span> <span class='ocrx_word' id='word_1_466' title='bbox 1033 2826 1128 2863; x_wconf 85' lang='lat' dir='ltr'><strong>quae</strong></span> <span class='ocrx_word' id='word_1_467' title='bbox 1144 2814 1324 2863; x_wconf 81' lang='lat' dir='ltr'><strong>reliquisti</strong></span> <span class='ocrx_word' id='word_1_468' title='bbox 1342 2814 1549 2851; x_wconf 79' lang='lat' dir='ltr'><strong>inmortalis</strong></span> <span class='ocrx_word' id='word_1_469' title='bbox 1577 2815 1655 2851; x_wconf 87' lang='lat' dir='ltr'><strong>erit.</strong></span> <span class='ocrx_word' id='word_1_470' title='bbox 1694 2812 1815 2850; x_wconf 86' lang='lat' dir='ltr'><strong>Recte</strong></span> 
     </span>
     <span class='ocr_line' id='line_1_43' title="bbox 188 2874 1314 2928; baseline 0.004 -16"><span class='ocrx_word' id='word_1_471' title='bbox 188 2874 244 2912; x_wconf 81' lang='lat' dir='ltr'><strong>sic</strong></span> <span class='ocrx_word' id='word_1_472' title='bbox 262 2874 439 2914; x_wconf 87' lang='lat' dir='ltr'><strong>Visconti</strong></span> <span class='ocrx_word' id='word_1_473' title='bbox 458 2877 630 2928; x_wconf 86' lang='lat' dir='ltr'><strong>explicat</strong></span> <span class='ocrx_word' id='word_1_474' title='bbox 649 2877 826 2928; x_wconf 81' lang='lat' dir='ltr'><strong>quamvis</strong></span> <span class='ocrx_word' id='word_1_475' title='bbox 850 2877 1082 2928; x_wconf 88' lang='lat' dir='ltr'><strong>obloquente</strong></span> <span class='ocrx_word' id='word_1_476' title='bbox 1101 2877 1314 2916; x_wconf 81' lang='lat' dir='ltr'><strong>Henzenio.</strong></span> 
     </span>
    </p>
   </div>
   <div class='ocr_carea' id='block_1_4' title="bbox 866 2988 1136 2994">
    <p class='ocr_par' dir='ltr' id='par_1_6' title="bbox 866 2988 1136 2994">
     <span class='ocr_line' id='line_1_44' title="bbox 866 2988 1136 2994; baseline 0 0"><span class='ocrx_word' id='word_1_477' title='bbox 866 2988 1136 2994; x_wconf 95' lang='lat' dir='ltr'><strong> </strong></span> 
     </span>
    </p>
   </div>
  </div>
 </body>
</html>
