1982 3256
296 191 377 234 246
852 192 1113 236 Epigrammata
1138 191 1357 237 sepulcralia.

297 302 399 341 607.
455 304 618 348 Romae,
646 315 748 341 nunc
775 302 1059 354 cantabrigiae.
1114 302 1156 342 0.
1185 303 1215 342 Ι.
1245 302 1373 354 6243.:

469 385 692 437 Δαίμοσιν
722 383 947 438 εὐσεβέσιν
982 385 1119 427 Γαίου
1142 380 1329 427 Ἰουλίου
1357 386 1697 444 Καρακουττίου

465 452 651 508 ποίησεν
680 450 831 495 Κασία
860 454 923 508 τῷ
951 450 1108 509 τειμίῳ
1140 451 1214 494 καὶ
1245 447 1356 508 ἀξίῳ
1387 447 1530 508 ἀνδρί·

467 519 579 560 πᾶσι
609 517 742 572 φίλος
771 521 956 576 θνητοῖς
987 516 1050 570 εἷς
1079 519 1115 561 τ’
1147 514 1401 570 ἀθανάτους
1430 519 1720 573 δεισιδαίμων

469 584 678 637 κοιμᾶται
708 587 1029 642 Καρακοῧττις,
1062 583 1169 639 ἔχων
1198 582 1370 643 μνήμην
1400 584 1474 628 διὰ
1506 582 1684 637 παντός,

329 655 354 695 5
470 649 643 707 τέρψας
674 649 927 710 σύνκλητον,
959 650 1192 709 ματρώνας
1223 651 1297 694 καὶ
1327 652 1560 710 βασιλῆας,

470 713 743 775 εὖφρανθεὶς
774 718 844 776 ἐφ’
876 717 980 762 ὅσον
1009 722 1167 777 μοῖραι
1195 717 1351 775 χρόνον
1382 716 1548 776 ὥρισαν
1577 716 1712 776 αὐτῷ,

472 780 676 842 εὐσεβίης
706 784 849 828 ἕνεκεν
879 786 1119 837 δοξασθεὶς
1150 785 1225 829 καὶ
1253 785 1364 840 μετὰ
1396 783 1553 843 λήθην.

402 887 450 913 111
477 875 557 912 fere
591 876 746 914 saeculi.
776 899 821 905 —
852 877 1012 916 Mimum
1040 878 1158 916 fuisse
1184 890 1233 915 ex
1259 890 1295 915 v.
1315 877 1338 914 5
1367 877 1513 927 optime
1539 876 1707 928 conlegit
1733 876 1918 933 Welcker

304 937 409 986 (Syll.
446 937 514 986 83)
548 938 632 975 coll.
663 937 778 977 Ovid.
812 941 913 977 Trist.
942 939 982 977 ΙΙ
1008 940 1081 977 501
1111 940 1244 978 nubilis
1272 940 1338 976 hos
1377 942 1480 989 virqo
1513 945 1756 988 matronaque
1787 940 1919 988 virque

297 1012 465 1049 puerque
496 1006 632 1048 spectat
665 1007 695 1037 et
730 1013 747 1037 e
773 1013 911 1050 maqna
940 1008 1050 1050 parte
1084 1009 1230 1040 senatus
1257 1003 1369 1039 adest.
1401 1023 1446 1029 —
1477 1002 1496 1039 1
1526 995 1690 1052 δαίμοσιν
1726 997 1804 1040 εὔσ.
1832 1000 1858 1039 i.
1885 1013 1919 1038 e.

304 1062 360 1098 ἅτε
391 1061 571 1098 manibus.
599 1084 649 1090 —-
682 1064 935 1114 Κοιρακοῢττις
968 1075 1108 1102 nomen
1143 1064 1268 1102 simile
1303 1063 1462 1114 porcelli
1502 1063 1646 1102 nomini
1684 1062 1915 1110 Gorocottae,

305 1123 351 1161 de
379 1135 455 1172 quo
485 1123 574 1161 vide
599 1123 762 1174 Hauptii
789 1125 917 1163 adnot.
952 1125 1088 1174 Opuso.
1116 1127 1157 1164 II
1188 1126 1271 1164 178.

312 1278 418 1316 608.
471 1280 630 1320 Romae.
686 1282 729 1320 C.
771 1282 802 1320 I.
831 1282 942 1322 6305.

505 1359 719 1415 Ιστορίας
749 1364 895 1416 δείξας
926 1365 1000 1408 καὶ
1028 1381 1197 1422 χειρσιν
1227 1363 1401 1408 α’παντα
1434 1361 1643 1422 λαλήσας,

510 1441 723 1482 εμπειρος
752 1431 969 1494 Βρομίοιο
1002 1433 1145 1488 σοφῆς
1175 1430 1297 1489 ιερῆς
1324 1447 1371 1475 τε
1397 1433 1590 1510 χορείας,

513 1490 772 1545 συνπάσχων
803 1495 960 1547 κείνοις
992 1490 1190 1555 [οἷσ]περ
1220 1501 1405 1541 κεινεῖτο
1438 1496 1709 1555 προςώποις,

517 1555 745 1615 κοσμήσας
777 1561 925 1601 πᾶσαν
949 1562 1150 1620 θυμέλην
1180 1565 1381 1618 διδαχαῖς
1411 1561 1689 1616 πολυδόξοις,
1729 1577 1732 1579 ’

342 1630 366 1669 5
516 1624 644 1676 οὗτος
675 1643 698 1667 ο
730 1625 915 1676 παιδίας
944 1630 1140 1686 θαλερῆς
1168 1627 1360 1684 ἒνκώμια
1392 1630 1534 1686 λίψας

513 1695 629 1734 κεῖτε
660 1691 751 1750 δ[ν]
786 1689 897 1751 γήρᾳ
926 1695 1276 1752 βεβαρη[ιιέ]νος·
1313 1694 1396 1740 οὐκ
1425 1695 1584 1740 ἔθανεν
1613 1693 1695 1754 γάρ

518 1756 660 1815 ζώσης
690 1755 947 1816 εὐρυχόροιο
978 1757 1129 1816 τέχνης
1158 1759 1359 1815 ἀρεταῖσι
1389 1765 1620 1821 μαθητῶν.

416 1862 447 1888 11
479 1850 539 1888 vel
574 1860 621 1887 111
656 1850 798 1888 saeculi
829 1851 902 1888 hoc
934 1855 991 1887 est
1022 1849 1252 1900 pantomimi
1280 1854 1530 1906 epitaphium.
1557 1877 1607 1884 —
1635 1856 1658 1894 3
1696 1863 1921 1893 κειΝοιεηεΡ

315 1926 412 1951 corr.
441 1912 588 1951 Osann.
616 1934 666 1941 —
695 1913 718 1951 6
745 1923 793 1950 Δε
819 1919 856 1951 et
883 1921 1119 1950 BessAPHNOC
1144 1924 1242 1974 col-r.
1270 1911 1472 1955 Salvinius.

319 2096 426 2135 609.
481 2097 686 2147 Aquileiae
712 2098 751 2136 in
781 2098 1080 2148 amphitheatro.
1136 2097 1179 2136 O.
1207 2098 1237 2136 I.
1267 2097 1380 2136 6750.

489 2178 578 2236 Τὴν
607 2180 795 2230 πολλοῖς
825 2177 1008 2238 δήμοισι
1037 2177 1194 2235 πάρος,
1227 2179 1420 2230 πολλαῖς
1450 2178 1500 2223 δὲ
1527 2176 1718 2222 πόλεσσι

487 2243 619 2296 δόξαν
648 2244 910 2303 φωνάεσσαν
939 2245 1002 2289 ἐνὶ
1033 2249 1237 2303 σκηναῖσι
1266 2245 1490 2299 λαβοῦσαν

488 2311 701 2370 παντοίης
730 2309 890 2370 ἀρετῆς
919 2312 963 2355 ἐν
990 2312 1181 2366 μείμοις,
1212 2305 1309 2354 εἶτα
1336 2315 1524 2370 χοροῖσι,

488 2376 705 2429 πολλάκις
734 2378 779 2422 ἒν
808 2379 1041 2433 θυμέλαις,
1073 2374 1167 2421 ἄλλ’
1199 2374 1276 2432 οὐχ
1306 2376 1420 2421 οὕτω
1449 2378 1498 2422 δὲ
1527 2375 1728 2435 θανούσῃ

349 2447 373 2488 5
486 2447 540 2501 τῇ
571 2443 730 2503 δεκάτῃ
761 2443 927 2504 Μούσῃ
956 2446 1006 2489 τὸ
1036 2446 1186 2488 λαλεῖν
1215 2443 1357 2500 σοφὸς
1379 2442 1672 2504 ςΗρακλείδης
1699 2455 1701 2457 ’

488 2509 672 2565 μειμάδι
702 2511 932 2570 Βασσίλλῃ
964 2511 1124 2571 στήλην
1153 2511 1261 2561 θέτο
1292 2510 1501 2568 βιολόγος
1531 2509 1640 2569 φώς,

492 2571 516 2634 ἢ
549 2577 601 2634 δὴ
635 2579 706 2620 καὶ
738 2579 863 2630 νέκυς
894 2574 1004 2623 οὖσα
1032 2577 1133 2637 ἴσην
1161 2578 1263 2632 βίου
1294 2575 1448 2632 ἔλλαχε
1476 2576 1641 2635 τειμήν,

606 2644 819 2697 μουσικὸν
849 2643 913 2697 εἰς
944 2643 1136 2689 δάπεδον
1167 2646 1276 2700 σῶμ’
1308 2640 1669 2702 ἀναπαυσαμένη.

435 2733 573 2773 ταῦτα
612 2730 654 2774 οἱ
692 2732 902 2791 σύσκηνοί
933 2750 1004 2777 σοι
1033 2734 1249 2791 λέγουσιν·
1277 2730 1478 2789 εεὐψι’)χει
1509 2729 1751 2776 Βάσσιλλα·
1783 2731 1928 2785 οὐδεὶς

1563 2795 1814 2853 ἇθάνατοςῖ
