1982 3256
324 269 406 301 V111
1033 254 1209 301 praefatio.

324 370 461 408 iudicis
488 374 547 407 est
578 368 617 405 in
652 368 706 406 eis
735 366 829 405 solis
862 366 1091 418 indagandis
1124 374 1190 406 aut
1230 371 1382 419 tempus
1423 374 1544 408 terere
1581 374 1646 407 aut
1677 368 1934 409 eruditionem

325 442 529 476 ostentare.

431 505 614 555 Superest
639 503 751 553 longe
779 502 1049 541 difficillimum
1078 503 1309 543 emendandi
1336 504 1621 555 adnotandique
1638 517 1789 545 munus.
1823 504 1935 546 Duae

325 579 451 612 autem
480 578 568 610 sunt
595 570 856 608 adnotationis
882 574 1027 621 partes,
1055 571 1175 610 altera
1203 584 1302 622 quae
1330 571 1520 610 antecedit
1544 572 1671 623 ipsum
1696 572 1935 624 epigramma

325 643 448 679 locum
477 640 540 678 ubi
567 642 764 688 repertum
791 638 842 675 sit
867 638 1111 689 editoresque
1137 639 1310 678 indicans
1329 654 1337 677 ε
1353 640 1418 678 ubi
1444 640 1601 679 minime
1626 640 1797 679 omnium
1823 641 1935 691 posui

325 709 514 748 editorum
541 706 700 744 nomina
729 705 794 743 sed
822 718 956 744 eorum
983 707 1049 756 qui
1075 707 1137 745 vel
1160 706 1304 757 optime
1331 708 1532 746 ediderunt
1548 708 1610 747 vel
1627 708 1866 759 plenissime,
1893 715 1935 747 ut

327 777 545 826 Corporum
572 775 748 821 editores,
786 774 1002 824 superiores
1030 775 1217 813 editiones
1244 779 1583 824 enumeraverunt3
1633 788 1733 826 quae
1757 775 1844 826 ipse
1868 776 1934 814 de-

329 845 562 894 scripseram
588 842 770 880 asterisco
798 842 966 880 numeris
994 843 1165 893 praefixo
1193 843 1328 881 notavi
1356 866 1405 872 —
1432 844 1553 882 altera
1580 856 1679 894 quae
1710 848 1770 882 est
1801 842 1936 883 critica

328 918 367 951 et
401 909 730 961 interpretatoria.
785 908 904 947 Cuius
940 911 1065 959 primo
1100 911 1186 949 loco
1223 910 1380 961 saepius
1414 911 1585 950 indicavi
1622 911 1766 950 saeculi
1802 917 1935 951 notam

329 981 556 1031 plerumque
590 990 637 1015 ex
671 976 821 1014 indiciis
857 977 1134 1029 epigraphicis,
1167 979 1364 1017 interdum
1396 992 1444 1016 ex
1476 978 1606 1017 indole
1644 979 1935 1030 epigrammatis

326 1047 541 1098 repetitam.
572 1045 659 1092 Qua
684 1045 724 1082 in
751 1057 792 1081 re
819 1045 911 1094 quin
940 1056 1055 1094 saepe
1082 1047 1291 1084 erraverim
1317 1058 1396 1084 non
1421 1046 1566 1094 dubito,
1593 1057 1717 1097 neque
1734 1047 1936 1090 mirabitur
1971 1064 1973 1066 ·

328 1116 393 1166 qui
423 1118 570 1165 quanta
597 1112 742 1151 incuria
768 1117 920 1161 praeter
947 1113 1085 1151 atticos
1113 1114 1243 1152 titulos
1270 1114 1454 1164 pleraque
1485 1127 1534 1152 ex
1558 1114 1750 1164 lapidibus
1773 1115 1938 1155 desei-ibi

332 1184 479 1221 soleant
507 1181 655 1219 noverit
683 1180 825 1230 quique
853 1192 970 1229 quam
997 1180 1120 1219 fallax
1147 1182 1197 1219 sit
1222 1194 1314 1220 usus
1341 1182 1568 1232 auriumque
1593 1182 1775 1222 iudicium
1801 1195 1937 1234 exper-

327 1257 388 1289 tus
426 1250 509 1288 erit.
573 1248 676 1286 Tum
713 1248 858 1285 variam
893 1248 1096 1287 lectionem
1133 1250 1319 1298 adstruxi,
1361 1263 1410 1288 ne
1442 1249 1541 1288 hanc
1573 1249 1729 1300 quidem
1761 1250 1933 1301 plenam:

329 1318 491 1356 meliora
517 1316 617 1354 enim
645 1317 711 1354 ubi
739 1318 896 1366 praesto
923 1316 1031 1353 erant
1058 1318 1285 1368 apographa
1311 1317 1503 1355 deteriora.
1530 1320 1573 1356 ut
1606 1329 1679 1368 par
1713 1322 1775 1358 est
1804 1319 1937 1368 abieci,

329 1387 394 1424 ubi
423 1385 658 1424 dubitationi
686 1384 793 1421 locus
822 1384 1022 1422 videbatur
1049 1384 1212 1435 relinqui
1241 1386 1328 1423 cavi
1354 1398 1402 1423 ne
1430 1385 1522 1435 quid
1548 1385 1774 1425 omitterem.
1819 1387 1942 1426 Inter-

329 1465 417 1504 pres
447 1465 527 1490 esse
562 1452 690 1490 studui
724 1464 840 1501 quam
876 1451 1128 1490 brevissimus
1163 1457 1200 1491 et
1242 1466 1357 1502 quam
1398 1453 1638 1501 rarissimum
1677 1466 1802 1504 neque
1841 1455 1944 1493 enim

328 1534 429 1571 quae
457 1533 505 1557 ex
534 1520 714 1558 continua
741 1523 1060 1570 epigrammatum
1096 1520 1260 1559 lectione
1294 1527 1431 1571 sponte
1470 1521 1710 1571 explicantur
1730 1521 1944 1573 ‘tamquam

329 1590 368 1626 in
396 1588 566 1626 tironum
596 1600 704 1625 usum
731 1600 1005 1637 usquequaque
1032 1589 1175 1637 monui,
1204 1589 1259 1627 eis
1286 1588 1365 1626 fere
1392 1594 1591 1628 contentus
1618 1601 1718 1639 quae
1745 1590 1798 1629 ad
1815 1602 1942 1637 emen-

334 1656 529 1695 dationem
559 1659 654 1704 apta
681 1661 717 1692 et
744 1655 960 1693 necessaria
987 1660 1128 1695 essent.
1183 1656 1269 1694 Hoc
1304 1657 1405 1694 enim
1438 1646 1615 1707 inprimis
1647 1657 1850 1696 consilium
1884 1671 1943 1697 se-

331 1729 442 1762 cutus
470 1736 554 1761 sum
585 1729 627 1760 ut
654 1723 972 1772 epigrammatum
999 1724 1117 1762 verba
1143 1724 1404 1762 emendatiora
1430 1737 1547 1775 quam
1573 1725 1699 1763 adhuc
1723 1725 1945 1776 legebantur

329 1804 599 1843 proponerem,
642 1791 746 1839 quod
785 1791 869 1828 fieri
909 1792 1034 1840 potuit
1066 1791 1128 1829 vel
1161 1791 1387 1830 melioribus
1421 1792 1579 1831 adscitis
1615 1793 1849 1844 apographis
1883 1794 1944 1833 vel

329 1860 560 1899 deteriorum
606 1859 681 1896 fide
725 1858 943 1896 adcuratius
978 1859 1200 1898 examinata
1240 1859 1302 1897 vel
1343 1859 1495 1898 selectis
1535 1860 1733 1899 doctorum
1771 1861 1943 1900 virorum

333 1926 676 1966 emendationibus.
730 1926 784 1963 Et
812 1927 881 1964 has
915 1926 1070 1976 quidem
1103 1927 1261 1965 minime
1301 1927 1462 1965 adfirmo
1500 1939 1630 1966 omnes
1669 1941 1731 1967 me
1759 1930 1942 1980 cognitas

333 1996 529 2042 habuisse,
559 1994 625 2032 sed
653 1994 757 2043 quod
784 2007 924 2044 paucas
952 1995 1164 2033 memoravi
1189 1994 1277 2031 hinc
1303 1995 1422 2032 nolim
1449 1995 1617 2045 reliquas
1650 2009 1712 2034 me
1744 1996 1943 2048 ignorasse

329 2064 543 2112 conligatur
551 2077 562 2109 ;
607 2062 850 2111 praetermisi
884 2062 985 2099 enim
1019 2062 1211 2111 quidquid
1251 2061 1441 2100 inutiliter
1477 2069 1543 2100 aut
1577 2063 1677 2102 falso
1691 2064 1941 2115 'disputatum

329 2131 390 2169 vel
419 2130 630 2169 coniectum
658 2129 913 2166 demonstrari
939 2135 1102 2179 poterat,
1131 2143 1179 2167 ne
1205 2142 1321 2179 supra
1355 2130 1512 2168 modum
1545 2130 1638 2170 libri
1671 2132 1792 2171 moles
1826 2146 1940 2184 auge-

330 2203 436 2236 retur
463 2210 559 2235 neve
587 2196 833 2245 vituperandi
861 2203 987 2235 essent
1014 2209 1110 2247 quos
1138 2203 1204 2235 aut
1231 2197 1390 2235 laudare
1415 2198 1574 2236 mallem
1600 2204 1668 2236 aut
1684 2212 1732 2238 ne
1750 2200 1940 2251 vituperio

331 2266 484 2316 quidem
528 2265 666 2314 dignos
707 2270 895 2313 putarem.
949 2264 1106 2303 Praeter
1131 2265 1369 2303 Boeckhium
1410 2271 1448 2303 et
1473 2265 1762 2306 Kirchhoffium
1801 2269 1941 2319 quibus

331 2333 510 2383 equidem
539 2331 742 2369 laudandis
769 2344 846 2369 non
873 2345 944 2382 par
964 2345 1049 2371 sum
1067 2333 1278 2371 felicissimi
1296 2334 1613 2384 epigrammatum
1633 2335 1807 2375 vindices
1826 2342 1940 2388 atque

335 2401 603 2440 emendatores
631 2399 839 2437 extiterunt
866 2400 1085 2439 Fridericus
1107 2401 1249 2439 Jacobs
1277 2404 1316 2439 et
1343 2400 1586 2440 Godofredus
1600 2402 1813 2453 Hermann,
1840 2405 1940 2444 alter

330 2469 463 2507 horum
481 2468 693 2506 studiorum
712 2468 867 2506 omnino
885 2468 1075 2518 princeps,
1090 2468 1187 2507 alter
1205 2469 1275 2508 hoc
1288 2469 1534 2519 potissimum
1549 2470 1703 2510 nomine
1717 2472 1939 2522 praeclarus

332 2537 438 2586 quod
466 2536 540 2574 etsi
567 2548 644 2572 non
672 2536 812 2585 ubique
840 2549 971 2574 verum
999 2537 1182 2586 reperiret
1215 2538 1356 2587 ubique
1390 2541 1521 2576 tamen
1548 2538 1598 2576 ad
1631 2551 1763 2577 verum
1796 2540 1940 2590 reperi-

330 2604 469 2641 endum
497 2604 596 2641 viam
625 2609 866 2642 monstraret.
912 2604 1104 2642 Privatim
1130 2609 1284 2656 praeter
1311 2617 1380 2644 vos
1406 2607 1527 2656 ipsos,
1549 2606 1772 2644 Hermanne
1790 2606 1940 2646 Vsener

330 2678 368 2709 et
394 2671 600 2709 Francisce
626 2671 848 2720 Buecheler,
878 2672 944 2721 qui
977 2671 1150 2710 haerenti
1184 2674 1279 2711 mihi
1312 2686 1509 2724 nunquam
1549 2674 1734 2713 auxilium
1773 2674 1937 2725 denega-

330 2739 460 2786 vistis,
508 2752 622 2776 unum
666 2744 825 2777 nanctus
872 2752 957 2777 sum
1002 2741 1129 2790 operis
1174 2747 1372 2791 tamquam
1423 2743 1570 2780 socium
1614 2741 1843 2780 Vdalrioum
1890 2742 1938 2781 de

331 2806 600 2854 Wilamowitz,
630 2807 693 2856 qui
724 2812 761 2844 et
788 2807 1074 2858 interpretando
1102 2812 1142 2846 et
1160 2809 1397 2848 emendando
1424 2809 1517 2864 quid
1543 2809 1714 2863 potuerit
1740 2812 1938 2864 praestare
