1994 3256
289 263 372 309 532
891 240 893 242 Ι
998 259 1168 296 addenda.

498 365 605 417 Οἷον
634 369 910 426 ἒμαιώσαντο
941 368 1038 413 νέον
1066 367 1198 413 τόκον
1223 367 1481 412 Εἰλείθυιαι

605 438 653 481 ἐκ
690 435 890 494 Φλεγύου
920 433 1083 493 κούρης
1118 433 1271 492 Φοίβῳ
1303 431 1584 493 ἇκειρεκόμῃ,

491 501 613 549 τοῖόν
642 520 726 554 τοι,
758 503 908 547 Παιὰν
931 499 1188 560 Ἀσκληπιέ,
1222 504 1316 545 σεῖο
1348 499 1533 581 εΒόηθος

376 577 429 617 10
596 569 743 627 χειρὸς
770 565 929 626 ἄγαλμ’
962 567 1138 627 ἀγαθῆς
1166 567 1314 619 τεῦξεν
1343 565 1438 618 ἑαῖς
1468 566 1701 623 πραπίσιν.

492 654 569 695 νηα
613 638 650 679 δ’
681 636 726 679 ἐν
754 637 867 694 τῷδε
886 633 1094 716 ζωάγρια
1124 636 1264 678 θνκεν
1296 630 1495 693 ὁρᾶσθαι

605 694 799 745 πολλακι
829 705 930 754 σαῖς
957 702 1143 757 βουλαῖς
1172 703 1330 745 νοῦσον
1365 699 1633 755 ἀλευάμενος

493 768 571 821 σὸς
600 766 828 826 θεράπων,
861 766 987 828 εὐχῆς
1018 764 1168 825 ὀλίγην
1198 763 1335 819 δόσιν,
1369 759 1443 811 οἷα
1472 769 1657 811 θεοῖσιν

604 836 759 892 ανδρες
788 835 1028 894 ἐφημέριοι
1056 834 1191 877 τῶνδε
1223 834 1411 891 φέρουσι
1439 831 1579 891 χάριν.

404 939 436 966 11
462 941 501 979 p.
529 927 619 965 Chr.
646 940 683 964 n.
712 927 863 965 saeculo
890 939 968 964 non
995 925 1187 976 antiquior
1204 925 1352 964 titulus.
1379 947 1429 953 —
1455 923 1663 963 Dedioavit
1678 922 1907 962 Nicomedes

297 990 470 1030 medicus
489 989 528 1026 in
548 988 679 1026 nescio
700 1000 776 1038 quo
795 989 940 1038 templo
959 988 1179 1037 Aesculapii
1197 987 1356 1025 infantis
1382 990 1562 1034 statuam,
1588 998 1705 1036 quam
1722 985 1908 1024 Boethum

295 1051 430 1090 fecisse
450 1050 819 1100 Carthaginiensem,
846 1051 1015 1088 nobilem
1042 1050 1211 1088 incertae
1237 1048 1379 1086 aetatis
1407 1048 1592 1086 artificem
1618 1048 1700 1086 sive
1723 1047 1808 1098 ipse
1830 1059 1909 1084 ere-

297 1114 412 1151 debat
439 1113 519 1151 sive
550 1112 777 1162 persuadere
810 1112 931 1150 voluit
957 1111 1192 1150 hom1n1bus
1182 1139 1193 1157 ,
1228 1123 1318 1148 nam
1352 1123 1442 1148 vero
1472 1110 1591 1148 fuisse
1617 1108 1777 1147 Boethi
1789 1113 1909 1147 artem

298 1187 413 1225 aegre
439 1173 656 1212 cediderim.
687 1197 733 1202 —-
768 1175 782 1210 1
815 1185 967 1211 versum
1001 1172 1198 1211 horridum
1226 1186 1249 1209 a
1283 1177 1398 1222 poeta
1430 1172 1710 1223 elegantissimo
1743 1176 1781 1209 et
1810 1169 1911 1220 peri-

295 1237 446 1275 tissimo
464 1236 517 1275 sic
542 1235 722 1285 scriptum
749 1246 834 1272 esse
859 1247 975 1285 nego3
1003 1234 1155 1284 scripsit
1181 1234 1308 1284 potius
1337 1227 1459 1279 παιδος
1485 1228 1687 1273 καλλίσταν
1712 1225 1779 1271 niv
1797 1224 1912 1270 εἰκόνα,

295 1291 404 1337 τοίνὸὲ
435 1296 530 1337 θεοιο
564 1297 626 1335 vel
665 1296 850 1335 similiter.
879 1319 925 1324 —
955 1296 977 1334 2
1006 1288 1143 1347 ματρὸς
1179 1293 1242 1334 ἀπ’
1278 1287 1466 1348 ἀρτιτᾶκου
1495 1296 1541 1335 cf.
1570 1309 1606 1334 v.
1634 1295 1657 1333 7
1689 1293 1760 1334 νέον
1792 1284 1907 1333 το’.κον

302 1383 348 1388 -
379 1361 401 1398 5
430 1360 660 1408 diremptum
690 1372 737 1396 ex
766 1357 976 1397 Simonidis
1011 1358 1175 1395 aliorum
1203 1357 1417 1396 imitatione
1444 1370 1583 1396 nomen
1609 1356 1778 1395 numeris
1803 1354 1911 1393 inha-

300 1422 377 1460 bile
403 1433 528 1471 neque
554 1424 598 1458 ut
621 1420 900 1470 Hephaestioni
926 1414 1115 1468 ἐπίληπτον
1141 1419 1230 1456 huic
1257 1424 1394 1468 poetae
1420 1420 1623 1458 videbatur
1649 1423 1688 1458 et
1711 1418 1752 1456 in
1778 1417 1915 1468 primis

303 1484 427 1522 cultae
453 1483 550 1521 artis
580 1482 865 1529 documentum3
893 1482 1032 1520 vitavit
1058 1485 1188 1519 tamen
1216 1493 1311 1519 sano
1337 1481 1477 1518 iudicio
1503 1481 1542 1518 in
1578 1480 1701 1519 altero
1729 1479 1915 1530 epigram-

300 1550 415 1583 mate.
469 1543 726 1582 Nicomedem
753 1544 817 1593 qui
845 1543 1018 1582 Iacobsio
1045 1544 1140 1581 duce
1168 1543 1332 1581 eundem
1359 1554 1441 1580 esse
1470 1542 1691 1581 existimant
1708 1542 1815 1580 cuius
1832 1540 1915 1591 epi-

305 1607 479 1658 taphium
508 1619 625 1656 supra
650 1619 687 1644 n.
717 1606 792 1644 595
819 1606 950 1655 posui„
969 1605 1022 1643 eis
1049 1617 1173 1654 neque
1200 1617 1268 1642 cur
1294 1604 1524 1643 adsentiaris
1553 1616 1678 1653 neque
1710 1617 1778 1642 cur
1810 1604 1916 1643 oblo-

305 1669 437 1719 quaris
462 1667 674 1718 quidquam
697 1671 768 1706 est.
795 1690 846 1696 -—
877 1669 924 1705 10
950 1659 1063 1719 χειρός
1084 1665 1228 1715 οἰνγοιθῆς
1243 1667 1454 1717 genetivus,
1473 1679 1521 1704 ne
1535 1666 1628 1716 quid
1642 1678 1728 1704 cum
1742 1665 1915 1706 Iacobsio

305 1729 471 1779 fallaris,
499 1741 711 1779 suspensus
738 1730 789 1768 ab
817 1725 979 1782 ὅίὙοιλμοι
1000 1731 1143 1779 peritae
1168 1741 1299 1767 manus
1319 1734 1597 1766 monumentum.

305 1915 382 1953 811
407 1928 442 1954 v.
476 1916 491 1952 1
523 1914 784 1952 Romanorum
822 1920 959 1963 aryuta
984 1914 1106 1952 Venus
1137 1909 1396 1964 intellegenda
1428 1913 1580 1951 videtur
1606 1912 1917 1963 WilamowitziQ

302 1978 481 2027 idemque
498 1990 533 2015 v.
554 1977 576 2014 7
597 1976 844 2014 Hadrianeae
859 1977 935 2014 arti
954 1977 1221 2027 patrocinatus
1239 1988 1315 2014 non
1335 1981 1476 2013 temere
1496 1976 1716 2025 prudentem
1733 1975 1917 2015 Amorem

305 2038 495 2089 adpellari
521 2038 730 2084 existimat,
758 2038 824 2076 sed
851 2043 892 2075 ut
919 2036 934 2076 ὃ
966 2031 1142 2091 σώφρων’
1142 2032 1251 2090 Ἐρως
1271 2037 1432 2077 Veneris
1451 2036 1622 2075 Vraniae
1649 2049 1775 2077 comes
1802 2038 1856 2088 (v,
1877 2039 1918 2089 8)

305 2101 547 2152 significetur,
574 2100 660 2140 coll.
689 2100 783 2138 Eur.
811 2100 931 2150 Iphiy.
959 2099 1049 2138 Aul.
1078 2101 1152 2138 543
1180 2112 1266 2150 sqq.

306 2251 441 2290 828a.
495 2251 600 2290 Paro
626 2252 665 2289 in
692 2251 834 2291 insula.
889 2251 1094 2303 Olympius
1121 2252 1303 2291 Athenaei
1328 2251 1365 2290 V
1391 2250 1441 2289 20
1468 2264 1506 2289 n.
1536 2251 1571 2289 7.

472 2333 635 2407 Βωμὸν
665 2330 973 2392 δορποφό[ρον
1001 2336 1116 2391 ταῖς]
1151 2332 1410 2391 Νύμφαισίν
1437 2334 1481 2388 μ’
1514 2328 1752 2391 ἆνέθ[ηκεν

802 2433 814 2445 .
874 2401 1115 2443 Παπιανοῦ
1146 2397 1194 2443 ἐκ
1223 2401 1260 2442 τ’
1289 2402 1414 2458 [apoc]
1445 2398 1716 2457 Μυρσινέας.

411 2492 427 2528 1
457 2488 683 2543 ὣρποῲοροις
714 2492 850 2531 editor.
880 2512 927 2519 -—
955 2502 983 2528 Η
1010 2487 1101 2529 Νίκα
1128 2493 1315 2530 Hammo-U
1348 2490 1388 2529 ἐκ
1422 2490 1520 2540 τ[ἢ’ς]
1547 2488 1750 2542 Μυρσινέοις
1784 2490 1918 2528 editor.

306 2552 398 2590 Fuit
423 2553 473 2589 ab
499 2552 612 2591 initio
638 2566 775 2591 nomen
803 2553 974 2591 mulieris
1008 2553 1111 2591 velut
1139 2545 1294 2591 “naum
1330 2543 1510 2603 (quvuog
1546 2554 1585 2590 in
1619 2551 1731 2590 titulo
1762 2564 1919 2590 romano
1992 2578 1994 2581 v

308 2614 410 2663 apud
429 2614 647 2652 Wilmanns
674 2616 841 2666 Exempl.
871 2619 983 2653 inser.
1012 2616 1073 2654 lat.
1104 2615 1213 2665 535);
1239 2619 1323 2652 tum
1349 2621 1553 2665 parentum
1579 2614 1737 2653 nomina
1754 2612 1919 2664 Papiani

306 2675 429 2725 patris
456 2675 593 2714 matris
608 2677 833 2727 Myrsineae.
886 2677 1131 2727 Praepositio
1158 2677 1199 2715 ἐκ
1227 2677 1441 2727 postposita
1465 2669 1536 2715 οἷπδ
1561 2677 1676 2716 κοινοῦ·
1693 2676 1793 2714 utin
1815 2675 1918 2714 Sim·
1991 2702 1994 2704 -

307 2737 407 2776 miae
434 2750 491 2787 ep.
519 2738 568 2775 A.
596 2738 639 2777 P.
678 2738 752 2776 VII
786 2739 834 2776 22
866 2738 1043 2778 Μουσέων
1084 2732 1237 2791 οἵμμιὙοι
1276 2736 1349 2777 κοίκ
1381 2734 1558 2789 Χαρίτων.
1611 2737 1808 2779 Particula
1848 2731 1919 2793 οἴροι
1992 2731 1994 2735 ’

309 2811 426 2850 quam
451 2798 593 2838 inserui
619 2799 764 2838 incerta
790 2806 858 2840 est.
