1994 3256
265 236 348 279 490
885 235 1145 281 Epigrammata
1170 235 1275 269 varia.

266 347 393 389 1085.
447 348 595 386 Romae
621 348 754 385 eodem
783 359 859 397 quo
886 347 1113 385 antecedens
1138 347 1225 386 loco
1251 347 1384 387 herma
1409 351 1599 398 repertus.
1641 347 1682 388 G.
1703 347 1733 387 Ι.
1762 346 1874 387 6083.

805 428 1077 485 Μένανδρος.

367 570 403 596 a.
457 548 608 609 Ἐχρῆν
636 551 715 605 μὲν
746 554 905 609 στῆσαι
936 551 1013 595 σὺν
1046 555 1190 608 Ερωτι
1222 550 1341 608 φίλῳ
1374 567 1436 602 σε,
1472 551 1717 610 Μένανδρε,

579 612 613 675 ᾧ
645 619 808 672 συνζῶν
836 618 998 669 ἐτέλεις
1029 613 1157 675 ὄργια
1187 617 1354 676 τερπνὰ
1388 621 1510 661 θεοῦ.

466 686 601 744 δῆλος
630 686 666 728 δ’
699 680 736 728 εἶ
769 685 945 743 φορέων
975 683 1063 728 αἰεὶ
1093 681 1215 735 θεόν,
1249 681 1422 729 ὁππότε
1454 686 1529 729 καὶ
1559 687 1631 730 νῦν

577 751 658 810 σὴν
685 750 865 809 μορφὴν
895 750 1084 794 κατιδών
1112 745 1270 794 uivida
1302 755 1390 804 πᾶς
1421 769 1470 796 σε
1501 754 1639 810 φιλεῖ.

293 877 318 918 5
367 877 407 919 b.
473 874 672 930 Φαιδρὸν
701 871 878 931 ἑταῖρον
899 869 1091 929 Ἔρωτος
1122 870 1242 931 δρᾷς,
1275 875 1456 932 σειρῆνα
1487 873 1690 933 θεάτρων

576 938 704 983 τόνδε
735 940 997 996 Μένανδρον
1025 936 1094 983 ἀεὶ
1127 943 1268 997 κρᾶτα
1300 939 1618 997 πυκαζόμενον,

468 1006 606 1056 οὕνεκ’,
640 1003 707 1065 ἄρ’
741 1003 1010 1062 ἀνθρώπους
1040 1004 1194 1064 ἱλαρὸν
1221 1007 1320 1062 βίον
1351 1007 1599 1065 ἐξεδίδαξα,

578 1071 743 1133 ἡδύνας
774 1072 935 1131 σκηνὴν
965 1070 1160 1130 δράμασι
1190 1076 1302 1117 πᾶσι
1333 1070 1494 1131 γάμων.

367 1213 402 1241 c.
458 1194 521 1239 Οἵ)
553 1194 733 1253 φαύλως
764 1193 929 1254 ἔστησα
960 1198 1052 1239 κατ’
1085 1192 1354 1252 ὀφθαλμούς
1384 1213 1447 1252 σε,
1478 1199 1725 1255 Μένανδρε,

268 1268 320 1309 10
577 1264 713 1320 τῆσδέ
745 1256 779 1318 γ’
807 1259 1057 1319 Ὁμηρείης,
1091 1262 1279 1319 φίλτατέ
1306 1281 1399 1318 μοι,
1433 1265 1646 1323 κεφαλῆς·

467 1327 582 1374 ἇλλοὶ
614 1346 662 1373 σε
694 1328 874 1384 δεύτερα
906 1326 1031 1381 ἔταξε
1063 1330 1205 1386 σοφὸς
1236 1330 1421 1388 κρείνειν
1449 1332 1542 1385 μετ’
1573 1329 1740 1375 ἐκεῖνον

579 1395 882 1454 γραμματικὸς
912 1392 1082 1447 κλεινᾶς
1113 1395 1316 1453 πρόσθεν
1340 1394 1678 1455 Ἀριστοφάνης.

368 1490 515 1529 Versus
542 1503 618 1528 non
645 1487 817 1527 melioris
844 1492 960 1526 notae
988 1501 1106 1537 quam
1132 1488 1287 1526 hermae
1313 1488 1528 1535 Homerici;
1557 1501 1618 1527 vv.
1650 1491 1665 1526 l
1700 1494 1738 1528 et
1754 1488 1778 1528 5
1796 1494 1835 1528 et
1853 1489 1877 1528 6

266 1553 410 1603 duplici
435 1553 631 1591 trochaica
656 1551 839 1589 incisione
866 1551 1029 1597 foedati3
1075 1564 1109 1589 v.
1130 1551 1153 1588 2
1180 1551 1270 1590 θεοῦ
1298 1550 1480 1590 abundat.
1507 1572 1558 1579 —
1586 1551 1608 1588 7
1636 1560 1878 1591 ΕΞΕΔΙΔΑΞΑΣ
1936 1541 1942 1557 ³
1974 1590 1978 1604 2

268 1615 414 1655 Gruter
431 1629 480 1653 ex
498 1615 656 1663 Vrsino,
683 1626 812 1652 errore
831 1626 875 1652 eo
895 1613 1077 1661 faciliore,
1107 1614 1212 1663 quod
1239 1614 1364 1664 primo
1383 1612 1577 1662 tertioque
1603 1613 1880 1664 epigrammate

265 1677 484 1727 adpellatur
510 1677 593 1726 ipse
621 1675 839 1714 Menander.
867 1697 917 1703 —
946 1676 968 1713 8
997 1675 1154 1714 condita
1182 1687 1297 1714 scena
1324 1675 1487 1714 omnibus
1516 1675 1720 1712 actionibus
1755 1677 1879 1724 nupti-

265 1753 374 1778 arum
401 1739 546 1787 Franz,
584 1739 688 1788 quod
716 1738 791 1775 etsi
817 1738 976 1775 minime
1002 1737 1189 1787 pulcrum,
1224 1738 1361 1776 melius
1387 1742 1519 1776 tamen
1545 1740 1605 1775 est
1630 1749 1748 1788 quam
1774 1737 1879 1788 quod
1940 1746 1942 1749 “
1974 1733 1976 1738 ’

263 1802 440 1840 Meineke
465 1795 580 1854 Ὑοίμῳ
609 1801 803 1851 corrigens
829 1813 899 1850 pro
925 1790 1059 1850 ’γαΙμων
1096 1799 1263 1850 explicat
1298 1800 1461 1838 omnibus
1487 1801 1528 1836 in
1551 1799 1698 1849 sabulis
1732 1812 1881 1839 scenam

262 1867 482 1914 nuptiarum
515 1864 718 1902 celebritate
759 1862 970 1899 exhilarans
1006 1861 1201 1911 (Menand.
1246 1869 1280 1899 et
1323 1862 1420 1900 Phil.
1455 1862 1518 1900 rel.
1552 1874 1589 1911 p.
1615 1861 1795 1911 XXIX).
1829 1883 1879 1893 --

264 1927 286 1964 9
302 1939 385 1976 sqq.
415 1938 549 1965 versus
575 1925 794 1963 miserrimi.
814 1946 864 1952 ——
887 1925 931 1961 11
949 1936 1006 1974 sq.
1022 1923 1326 1974 Aristophanem
1353 1923 1483 1974 magni
1509 1923 1648 1962 fecisse
1673 1923 1880 1965 Menandri

264 1990 425 2027 virtutes
460 1989 571 2027 docet
606 2001 683 2026 vox
702 1987 894 2037 quaedam
920 1986 1025 2023 illius
1054 1981 1086 2023 (Β
1110 1983 1294 2037 Μένανδρε
1320 1981 1381 2024 καὶ
1410 1981 1480 2037 βίε,
1516 1977 1658 2035 πότερος
1687 1977 1742 2038 ἄρ’
1769 1983 1878 2036 ὑμῶν

265 2042 408 2103 πότερον
435 2044 718 2102 &nefando-arm
760 2049 806 2086 cf.
837 2049 1014 2088 Meineke
1043 2051 1065 2086 l.
1094 2062 1121 2086 s,
1150 2061 1177 2087 8.
1206 2062 1243 2099 p.
1263 2047 1458 2095 XXXIII,
1492 2047 1669 2096 idemque
1694 2047 1879 2086 iudicium

265 2126 310 2151 eo
337 2114 420 2151 loco
448 2113 592 2163 profert
620 2111 909 2161 Quinctilianus
936 2111 991 2149 XI
1020 2111 1086 2159 69,
1121 2117 1162 2148 ut
1189 2110 1513 2160 Aristophaneum
1541 2121 1626 2147 esse
1651 2109 1765 2147 facile
1799 2121 1878 2147 cre-

265 2175 419 2214 damus:
447 2178 502 2214 ita
530 2188 667 2213 omnem
694 2177 788 2212 vitae
813 2175 1009 2222 imayinem
1027 2175 1209 2223 expressit.

265 2363 395 2401 1086.
439 2363 571 2402 Thera
597 2364 639 2401 in
665 2363 795 2401 insula
821 2362 910 2411 rupi
936 2361 1149 2410 insculptus
1179 2360 1329 2398 titulus.
1372 2360 1436 2397 Ex
1461 2358 1687 2399 Prokeschii
1713 2371 1877 2411 apogra-
1960 2355 1994 2370 ⁴

266 2425 342 2475 pho
370 2425 530 2464 Boeckh
557 2426 642 2463 Act.
672 2427 781 2463 acad.
810 2425 935 2463 Berol.
967 2423 1065 2462 1836
1093 2436 1129 2473 p.
1149 2423 1194 2459 41
1216 2434 1300 2472 sqq.
1330 2421 1417 2459 coll.
1448 2423 1524 2459 tab.
1553 2434 1589 2460 n.
1610 2423 1646 2463 5.

536 2507 783 2557 Κυκλείδας
814 2505 1043 2564 Κ]·υκλῆος
1072 2501 1376 2562 ἀδε[λφ]ε[ιιῦι
1401 2499 1610 2559 Ἀρίω]νι,

647 2574 723 2615 τὸν
753 2574 909 2628 δελφὶς
940 2573 1087 2628 [σῶσε,
1118 2567 1396 2627 μνημόσυνον
1423 2568 1613 2611 τέλεσεν.

369 2662 605 2701 Litterarum
644 2664 790 2701 formae
826 2669 914 2701 sunt
948 2663 1028 2700 fere
1056 2662 1105 2700 ol.
1133 2662 1202 2709 40,
1239 2661 1285 2699 cf.
1314 2659 1526 2698 Kirchhoff
1546 2658 1672 2696 Stud.²
1697 2670 1736 2707 p.
1755 2656 1805 2694 45
1823 2669 1880 2717 sq.

265 2748 313 2755 —
348 2725 492 2775 Recepi
534 2726 627 2774 quia
668 2726 864 2774 ingeniose
906 2726 1000 2762 haec
1034 2724 1193 2762 Boeckh
1233 2722 1327 2759 mihi
1368 2719 1758 2774 lusisstidebatur.
1819 2717 1882 2754 Ad

268 2789 472 2826 obscuram
505 2787 665 2824 Arionis
708 2787 934 2824 memoriam
977 2785 1259 2835 explanandam
1301 2796 1412 2822 nemo
1452 2794 1569 2820 sanus
1607 2781 1681 2819 hoc
1719 2779 1881 2819 disticho
1937 2786 1940 2790 ’
1966 2820 1970 2828 ‚

265 2850 457 2888 abutetur.

1956 2158 1978 2183 1,(
1963 2145 1976 2150 ;
1961 2131 1976 2138 ;.
1974 2118 1976 2121 .
1975 2070 1977 2072 .
1968 2034 1971 2035 =

1946 3091 1952 3094 .
1931 2932 1962 3064 ‘'af-„³³21
1957 2911 1958 2914 „
1955 2887 1957 2891 ⁴

1981 3059 1994 3114 ‚ar-.-
1971 3012 1994 3051 ιᾷἶ
1981 2975 1994 2998 ·“;
1969 2819 1994 2965 ›Lagea-⁵²4...
1971 2773 1994 2811 *375⁴

1950 3231 1969 3239 ς
1955 3176 1962 3190 ,-
1951 3133 1967 3151 ν,

1980 3118 1994 3256 rm*
