1994 3256
328 297 409 340 536
1049 294 1217 329 addenda.

326 408 401 446 nisi
428 421 541 446 unum
567 407 760 445 hominem
794 417 956 456 eumque
990 406 1118 456 ipsum
1145 405 1410 444 Philemonem
1442 407 1586 446 duobus
1619 407 1699 446 iuis
1731 419 1808 446 uno
1839 411 1934 458 post

327 470 491 508 alterum
524 469 732 507 honoribus
766 458 959 506 functum(
1000 467 1136 518 Itaque
1161 482 1197 506 v.
1230 469 1248 506 l
1285 469 1335 506 ab
1374 469 1484 506 initio
1524 469 1702 519 generale
1740 469 1932 520 quoddam

325 531 432 569 velut
458 532 567 568 amici
593 531 653 568 vel
679 533 806 568 tutoris
835 530 1062 568 vocabulum
1088 530 1342 579 requirebam,
1370 543 1404 570 v.
1434 530 1457 567 2
1485 531 1716 569 adiectivum
1750 531 1932 570 vocabulo

326 585 550 644 σταχύεσσιν
590 592 806 631 addendum
848 591 1100 641 postulabant
1139 591 1294 641 linguae
1332 605 1489 642 graecae
1527 591 1648 643 leges3
1687 606 1722 633 v.
1750 593 1773 631 3
1799 599 1933 631 matres

324 655 577 702 Augustorum
597 654 816 691 dubitanter
837 653 962 700 intuli,
983 654 1051 692 sed
1071 654 1117 691 cf.
1139 667 1256 703 supra
1275 668 1313 692 n.
1338 655 1434 692 1046
1449 668 1484 694 v.
1500 654 1547 693 56
1562 651 1745 707 Καίσαρος
1769 650 1930 707 ἰφθίμοιο

324 708 530 766 παρόψεται
557 708 690 767 ἷῖμπνια,
717 711 834 767 μήτηρ
861 727 945 752 cum
972 728 1059 753 mea
1085 716 1215 754 adnot.
1270 716 1457 754 Faustina
1483 716 1632 764 dicitur,
1666 716 1817 755 Aurelii
1851 729 1930 754 ma-

323 783 390 823 ter,
411 776 561 816 Cereris
588 779 714 828 specie
739 778 885 825 induta,
912 790 1036 827 neque
1063 790 1179 816 unam
1205 778 1323 817 fuisse
1341 779 1566 817 Faustinam
1591 779 1633 817 in
1652 778 1804 818 Cereris
1821 791 1932 818 sacra

321 839 618 890 religionemque
644 840 832 879 adscitam
857 844 993 878 notum
1019 845 1086 879 est.

321 990 413 1028 888
422 1004 457 1031 a.
511 991 669 1042 Ephesi.
722 991 854 1030 Wood
881 992 1134 1029 Discoveries:
1160 993 1338 1041 Inscript.
1357 993 1463 1040 from
1487 992 1542 1030 the
1566 994 1634 1030 site
1661 993 1705 1041 ο]
1725 992 1780 1030 the
1805 992 1932 1042 temple

320 1055 365 1101 os
386 1054 516 1091 Diana
541 1067 579 1091 n.
609 1054 643 1093 7.

315 1131 553 1178 Ὑπατικὸν
585 1134 827 1191 ποντίφικα
851 1131 1086 1189 ’Υμμιδίου
1117 1133 1374 1192 Κο[ὁράτου
1405 1135 1596 1193 πατ]έρα
1628 1134 1861 1194 κηὸε[στήν
1882 1167 1891 1176 .
1917 1167 1927 1177 .

485 1301 709 1360 Παντοίης
739 1300 898 1359 ἀρετῆς
928 1298 1147 1359 στάθμην,
1178 1301 1440 1359 ῥυσίπτολιν
1469 1304 1620 1359 ανδρα,

593 1366 742 1422 ἔξοχον
765 1365 993 1427 Ἑλλήνων,
1025 1367 1268 1426 πρόκριτον
1296 1365 1551 1419 Αὗσονίων,

486 1437 661 1478 κλεινοῦ
690 1434 944 1492 Κοὸράτοιο
976 1436 1108 1491 φίλον
1139 1436 1310 1494 πὰτέρζ
1344 1429 1379 1494 ᾧ
1408 1435 1637 1491 βασίλειον

594 1499 803 1560 Ἁρμονίη
832 1499 1041 1556 θάλαμον
1071 1499 1227 1559 πήξαντ’
1259 1503 1328 1546 ἐπ’
1361 1499 1562 1561 εὖγαμίῃ,

403 1574 428 1615 5
479 1568 711 1628 Ἀδριανὸς
741 1565 975 1612 Μούσαισι
1002 1569 1147 1622 μέλων
1176 1565 1368 1628 ἀνέθηκε
1398 1572 1634 1628 Σεουῆρον,

600 1635 706 1680 εἶκῶ
732 1635 941 1693 χαλκείην
971 1633 1129 1678 οὕνεκα
1159 1635 1449 1693 προστασίης.

484 1700 604 1761 ὖ[μῖν
634 1705 706 1762 ὁ’],
738 1698 893 1759 ἄνδρες
908 1697 1069 1752 Ἴωνες,
1101 1698 1335 1759 ἀγάλματα
1366 1703 1501 1747 καλὸν
1531 1701 1730 1761 ὁρᾶσθαι

600 1767 789 1826 ἓστα]ότ’
822 1766 1095 1826 [Ἀρτέμιδος
1124 1769 1323 1827 πλ]ησίῳ
1351 1769 1395 1813 ἒν
1424 1770 1606 1824 τεμένει.

419 1862 479 1900 De
510 1861 705 1900 meidio
738 1861 938 1910 Quadrato
971 1860 1128 1910 eiusque
1159 1864 1271 1910 patre
1305 1860 1448 1900 Severo
1482 1874 1582 1911 quae
1615 1860 1686 1899 Th.
1712 1861 1927 1900 Mommsen

316 1924 672 1963 benevolentissime
695 1923 735 1960 in
760 1935 887 1960 meam
911 1923 1074 1973 gratiam
1097 1923 1260 1973 conlegit
1284 1924 1417 1973 paucis
1444 1924 1680 1974 conplectar3
1706 1923 1926 1962 adom-atius

317 1987 418 2024 enim
462 1999 616 2037 sperare
656 1986 747 2024 licet
779 1984 861 2022 fore
894 1989 937 2022 ut
967 1985 1051 2034 ipse
1090 1985 1148 2022 vir
1188 1997 1358 2023 summus
1397 1998 1477 2023 rem
1510 1985 1703 2024 difficilem
1735 1998 1827 2024 mox
1859 1995 1926 2025 ex·
1993 2031 1994 2040 ἵ

315 2054 447 2098 ponat.
502 2048 644 2086 Docuit
663 2048 779 2098 igitur
798 2047 842 2085 C.
862 2046 1099 2085 meidium
1118 2046 1361 2094 Quadratum
1384 2047 1683 2098 intellegendum
1705 2059 1790 2086 esse
1814 2048 1866 2098 (v.
1884 2047 1925 2097 3)
1993 2041 1994 2072 ἶ

316 2110 511 2148 consulem
538 2123 573 2148 a.
605 2110 688 2158 118,
716 2108 936 2148 meidiae
963 2108 1228 2156 Quadratillae
1254 2115 1432 2159 nepotem
1458 2109 1577 2160 (Plin.
1606 2112 1707 2159 epist.
1732 2109 1809 2148 VII
1836 2110 1925 2159 24);

316 2173 396 2210 eius
424 2178 586 2222 patrem,
615 2172 722 2210 cuius
749 2183 959 2221 cognomen
986 2184 1033 2208 ex
1066 2171 1338 2221 epigrammate
1371 2172 1540 2221 primum
1571 2171 1814 2220 innotuisset,
1848 2172 1924 2210 for-

316 2242 418 2273 tasse
444 2234 490 2272 L.
512 2233 693 2273 Catilium
720 2232 903 2272 Severum
931 2243 1016 2270 esse
1042 2244 1117 2271 cos.
1146 2233 1183 2270 II
1210 2246 1244 2271 a.
1276 2233 1360 2283 120,
1389 2246 1465 2284 quo
1496 2234 1664 2285 probato
1695 2234 1810 2272 simul
1835 2246 1923 2272 con-

316 2297 417 2335 cludi
432 2309 546 2346 posse
559 2296 710 2334 titulum
725 2308 809 2334 cum
824 2295 980 2333 alterius
994 2295 1214 2333 consulatus
1234 2296 1377 2334 mentio
1396 2309 1472 2334 non
1486 2297 1594 2335 fieret
1607 2301 1695 2334 ante
1714 2308 1749 2335 a.
1768 2295 1840 2334 120
1854 2308 1923 2346 po·
1961 2292 1965 2321 ἶ

316 2358 429 2397 situm
443 2371 538 2396 esse.
569 2358 758 2407 Quadrati
775 2371 884 2406 uxor,
904 2370 1002 2408 quae
1015 2358 1120 2408 regia
1140 2358 1259 2407 stirpe
1276 2362 1369 2396 nata
1385 2359 1629 2410 praedicatur
1646 2371 1683 2396 v.
1703 2358 1739 2407 3,
1759 2357 1920 2396 Momm·
1979 2399 1981 2402 Α

317 2421 423 2458 senio
462 2421 614 2458 videtur
645 2421 880 2459 Asianorum
919 2420 1078 2458 alicuius
1118 2433 1248 2467 regum
1281 2420 1362 2458 filia
1394 2420 1522 2459 fuisse.
1583 2419 1748 2459 Honoris
1782 2419 1920 2459 Severo

316 2490 507 2520 auctorem
532 2483 790 2532 carminisque
816 2483 1038 2532 scriptorem
1064 2483 1189 2532 ipsum
1215 2494 1298 2520 esse
1311 2482 1554 2520 Hadrianum
1571 2483 1774 2521 Caesarem
1793 2486 1918 2532 patet3

315 2556 412 2592 quae
438 2556 500 2581 res
533 2556 578 2581 eo
611 2544 897 2582 memorabilior
929 2551 986 2583 est
1019 2545 1123 2595 quod
1153 2543 1313 2583 Catilius
1346 2544 1411 2582 ille
1439 2543 1604 2584 Severus
1629 2543 1828 2583 Hadriano
1859 2545 1919 2583 in-

313 2610 473 2654 perante
497 2618 658 2656 magnae
678 2607 738 2644 vir
757 2607 994 2645 auctoritatis
1016 2611 1055 2644 et
1075 2606 1275 2656 conplures
1295 2619 1419 2645 annos
1439 2607 1525 2645 urbi
1543 2606 1758 2657 praefectus
1785 2612 1919 2656 postea
1970 2618 1974 2622 ¹

313 2667 441 2716 gratia
467 2667 609 2705 excidit
636 2680 965 2718 successoremque
992 2669 1148 2717 accepit.
1176 2690 1226 2697 —-
1253 2668 1275 2705 2
1303 2668 1349 2706 cf.
1378 2681 1494 2718 supra
1521 2668 1570 2706 ad
1595 2681 1631 2707 n.
1662 2667 1747 2706 272.
1800 2667 1915 2706 Goni-

313 2727 389 2765 cias
416 2728 541 2777 ipsum
562 2728 804 2767 Hadrianum
831 2730 1016 2768 acuminis
1041 2730 1139 2767 illud
1164 2730 1330 2779 primum
1356 2730 1560 2778 invenisse,
1589 2735 1629 2768 ut
1654 2741 1784 2768 omnes
1813 2729 1915 2767 orbis

312 2793 501 2827 terrarum
544 2796 676 2839 gentes
721 2792 870 2829 duobus
922 2792 982 2830 his
1027 2791 1245 2829 nominibus
1294 2791 1528 2830 Graecorum
1573 2797 1610 2830 et
1654 2791 1916 2829 Romanorum
1951 2809 1955 2837 7

312 2851 619 2901 conplecteretur.
672 2851 835 2891 Severus
861 2852 977 2903 igitur
1004 2852 1345 2892 nonGraecorum
1376 2853 1640 2893 nobilissimus
1663 2853 1916 2903 <praedicatur
1950 2876 1961 2886 «

312 2913 407 2963 (non
433 2913 534 2952 enim
559 2913 631 2951 fuit
650 2911 841 2963 Graecus)
868 2918 907 2952 et
924 2914 1187 2953 Romanorum
1204 2915 1394 2964 princePS,
1422 2915 1491 2954 sed
1507 2915 1677 2954 omnium
1693 2914 1914 2953 mortalium
1963 2964 1966 2973 1
