1982 3256
277 236 360 279 488
578 242 581 244 '
885 231 1158 276 Epigrammata
1181 230 1287 266 varia.
1362 242 1363 245 ¹

279 349 335 386 dit
361 346 634 385 Wilamowitz.
649 366 700 373 -
717 343 763 381 15
781 343 908 394 suppl.
937 342 1133 392 Stephani.
1155 364 1205 370 ——
1229 341 1277 380 16
1300 343 1430 393 suppl.
1457 341 1676 390 Michaelisg
1704 342 1891 382 vocabulo

280 406 504 460 ἐκκαθαίρειν
539 407 660 445 utitur
693 405 967 457 grammaticus
1007 417 1096 456 app.
1131 404 1244 445 Plan.
1278 405 1340 454 92,
1357 406 1390 443 7.
1424 428 1474 435 -
1510 406 1556 444 17
1591 405 1718 456 suppl.
1754 404 1890 444 Franz.

282 472 454 522 Cycnum
484 476 687 520 propterea
713 475 807 518 puta
833 480 921 506 cum
949 467 1167 506 Promethei
1192 473 1377 506 vexatore
1403 467 1659 518 conpositum,
1691 473 1735 506 ut
1761 467 1891 506 avium

280 547 352 584 par
380 534 542 583 (cygnus
569 538 607 569 et
634 531 777 581 aquila)
806 543 855 568 ne
889 530 1203 580 disiungerentur.
1246 529 1507 569 Interfioiendi
1531 529 1667 578 verbo,
1701 541 1778 580 quo
1795 541 1891 581 opus

282 600 353 642 est,
381 607 467 632 cum
494 594 534 631 in
559 593 632 631 hoc
654 605 766 631 versu
784 593 889 631 locus
907 606 985 631 non
1004 593 1067 641 sit,
1095 593 1273 642 proximo
1292 593 1446 631 demum
1462 604 1576 630 versu
1593 590 1712 630 fuerit
1737 603 1892 631 neeesse

280 663 349 705 est,
377 669 492 705 quem
519 655 574 693 sic
601 656 755 704 exempli
782 667 898 693 causa
925 655 1095 706 explevit
1122 654 1248 693 Franz
1276 654 1310 692 ἐν
1328 651 1461 699 Λυδοῖς
1488 648 1658 706 πύματον
1683 646 1792 694 κταῖνε
1810 653 1890 697 Συ-

280 719 349 759 λέα
388 713 449 757 καὶ
482 716 693 769 Λιτυέρσην.
748 717 802 755 At
829 723 931 755 certa
957 724 1015 756 est
1041 717 1066 756 θ
1094 717 1224 755 littera
1250 723 1337 768 post
1356 710 1536 770 πύματον.
1555 738 1606 744 -
1629 716 1673 755 18
1701 716 1750 757 ab
1774 716 1892 766 initio

282 796 382 820 ουτον
421 781 484 818 vel
516 791 632 824 [ιυτοις
665 779 848 817 traditum
882 784 919 817 et
952 779 1078 829 spatio
1111 792 1251 818 novem
1282 780 1500 818 litterarum
1539 778 1759 817 intermisso
1796 787 1892 817 Ξντε.

240 888 253 901 ,
283 843 471 895 Stephani
498 842 596 880 nihil
623 842 718 893 legit
743 842 819 880 nisi
846 870 855 879 .
870 850 962 879 Y'ro.

283 1028 440 1068 *1083
493 1028 652 1067 Athenis
678 1040 800 1078 prope
826 1027 1038 1078 Lysicratis
1064 1032 1365 1065 monumentum.
1419 1025 1664 1067 Cumanudes
1694 1027 1727 1066 l.

395 1108 576 1168 Κόδρου
605 1112 736 1153 τοῦτο
768 1109 947 1168 πέσημα
980 1109 1301 1152 ,Μελανθείὸαο
1333 1104 1551 1165 [ἄνακτος,

515 1177 639 1229 ξεῖνε,
670 1177 721 1220 τὸ
752 1172 827 1219 καὶ
856 1175 1050 1234 μεγάλην
1075 1173 1229 1219 >laida
1259 1174 1516 1231 τειχίσα[το·

399 1247 525 1299 σῶμα
557 1244 593 1286 6’
624 1240 697 1286 ὑπ’
730 1239 983 1300 ἇκροπόληι
1014 1242 1161 1299 φέρων
1190 1239 1402 1298 τάρχυσεν
1431 1237 1641 1300 [Ἀθήνης

513 1309 621 1362 λαός
650 1309 694 1361 ἐς
725 1305 980 1361 ἀθανάτους
1011 1307 1143 1360 δόξαν
1174 1305 1474 1365 ἇειραμέ[νου.

388 1403 565 1441 Litterae
591 1402 771 1453 vulgares
799 1406 953 1452 praeter
980 1412 1025 1448 Α;
1054 1401 1205 1439 videtur
1230 1413 1263 1439 11
1288 1414 1326 1453 p.
1353 1399 1444 1439 Chr.
1471 1413 1508 1438 n.
1537 1399 1693 1438 saeculi.
1733 1391 1897 1449 Supple-

286 1467 343 1504 vit
361 1465 502 1504 Conze.
518 1467 599 1502 -1
619 1477 668 1502 ex
685 1464 881 1503 Pausania
908 1464 947 1514 (1
978 1463 1037 1509 19,
1052 1463 1093 1513 5)
1120 1462 1270 1499 videtur
1298 1463 1439 1512 conligi
1466 1475 1580 1512 posse
1607 1474 1727 1512 prope
1743 1460 1899 1500 llissum

287 1529 468 1566 cecidisse
488 1527 675 1573 Codrum3
702 1527 902 1577 Lycurgus
922 1526 1051 1563 Leocr
1081 1526 1130 1564 86
1160 1539 1220 1578 προ
1250 1527 1313 1574 τῆς
1343 1519 1479 1569 πολεως
1506 1524 1635 1563 dicere
1658 1522 1756 1562 satis
1771 1523 1898 1561 habet.

287 1591 409 1640 Lapis
437 1603 482 1628 eo
513 1590 596 1628 loco
625 1595 812 1638 repertuS,
841 1588 906 1626 ubi
933 1588 1124 1638 sepultum
1151 1601 1279 1638 regem
1307 1587 1513 1626 credebant
1530 1587 1586 1636 (v.
1608 1587 1660 1636 3).
1679 1608 1725 1615 -
1742 1585 1766 1624 2
1780 1582 1897 1625 Paus.

287 1653 364 1691 VII
391 1653 426 1692 2.
457 1675 503 1680 —
531 1654 557 1690 4
583 1650 794 1704 ἀειραμενου
821 1650 1042 1688 Buecheler.

291 1837 425 1878 1084.
491 1838 641 1876 Romae
681 1843 791 1876 extra
828 1842 981 1886 portam
1022 1836 1283 1886 Trigeminam
1322 1836 1414 1886 (alle
1451 1841 1504 1873 tre
1533 1835 1710 1885 fontane)
1753 1834 1897 1874 herma.

290 1899 333 1938 G.
362 1901 393 1938 I.
422 1899 535 1938 6092.

814 1979 1026 2039 ‘'OmyQog.

405 2122 441 2149 a.
497 2100 680 2162 ‘Hpu'mm
710 2100 862 2161 κάρυκ’
894 2100 1056 2160 ἀρετᾶς
1082 2102 1294 2160 μακάρων
1321 2120 1369 2146 τε
1400 2099 1651 2159 προφήταν,

599 2168 809 2213 Ἑλλάνων
840 2169 971 2228 δόξης
1002 2168 1205 2228 δεύτερον
1235 2166 1399 2220 ἀέλιον,

509 2238 731 2282 ,Μουσέων
762 2237 937 2294 φέγγος,
960 2235 1171 2294 Όμηρον,
1203 2233 1424 2294 ἀγήρατον
1453 2232 1594 2291 στόμα
1626 2234 1795 2291 κόσμου

607 2303 784 2355 παντός,
818 2301 926 2363 ὁρᾷς
954 2306 1112 2347 τοῦτον
1141 2302 1353 2366 δαίδαλον
1382 2300 1642 2360 ἀρχέτυπον.

506 2384 528 2423 >

323 2443 347 2483 5
405 2443 444 2484 b.
511 2436 601 2493 Οὗχ
631 2437 739 2490 ἔθος
770 2438 888 2481 ἐστὶν
918 2437 1017 2491 ἐμοὶ
1048 2434 1233 2494 φράζειν
1262 2437 1385 2493 γένος
1414 2432 1506 2480 oi16'
1539 2432 1660 2492 ὄνομ’
1691 2433 1819 2493 αὐτό,

604 2509 676 2549 νῦν
706 2507 743 2548 6’
776 2503 883 2548 ξ”νεκ
914 2504 1140 2548 Αἰλιανοῦ
1170 2502 1314 2547 πάντα
1345 2507 1497 2561 σοφῶς
1526 2503 1668 2562 ἐρέωι·

511 2574 672 2630 πατρίς
700 2589 778 2627 μοι
806 2571 928 2626 χθών
959 2574 1098 2627 πᾶσα,
1131 2571 1181 2614 τὸ
1213 2573 1249 2614 6’
1281 2566 1447 2625 ούνομά
1479 2586 1616 2628 φασιν
1631 2568 1843 2643 Όμηρον,

606 2637 700 2682 ἐστὶ
731 2639 779 2682 δὲ
809 2636 1052 2690 Μουσάων,
1085 2636 1165 2682 οὐκ
1196 2637 1300 2693 ἐμὸν
1330 2635 1457 2682 οὐδὲν
1486 2635 1607 2689 ἔπος.

441 2714 444 2718 ’
511 2716 533 2755 >

407 2787 443 2818 o.
510 2770 566 2814 Εἰ
594 2771 674 2825 μὲν
703 2771 868 2829 θνητὸς
897 2770 1018 2828 ἔφυς,
1052 2774 1148 2824 πῶς
1177 2767 1402 2816 ἀθάνατόν
1433 2786 1482 2815 σε
1511 2770 1728 2828 ἐποίησαν

299 2841 353 2884 10
607 2839 794 2881 Μοῦσαι
825 2838 901 2882 καὶ
932 2841 1123 2896 Μοιρῶν
1151 2840 1266 2897 νῆμα
1297 2834 1560 2895 ἇνέκλωσαν,
1590 2837 1720 2888 αναξ,·

1962 2660 1982 2707 K!
