1982 3256
297 253 349 295 14
848 249 1109 295 Epigrammata
1132 247 1352 294 sepulcralia.

291 362 419 400 colore
443 363 579 412 pictae,
607 362 647 400 in
680 361 817 411 quibus
845 351 1026 405 Διονύσιος
1052 372 1192 398 nomen
1218 360 1473 411 adgnoscitur.
1496 381 1551 388 ,-.
1578 359 1601 398 9
1629 358 1819 409 pluralem
1844 351 1896 398 vo‘-

294 439 393 476 μοισι
419 428 544 463 metro
570 423 824 471 condonabis;
851 435 1060 474 quamnam
1085 422 1263 461 habuerit
1290 422 1450 461 alteram
1477 421 1647 473 patriam
1668 422 1870 462 nescimus.

293 609 392 649 ⁸¹36.
448 609 509 648 Ad
535 609 720 661 Dipylon.
775 609 818 648 C.
849 609 1007 649 Curtius
1034 610 1145 650 Diar.
1174 609 1356 649 archaeol.
1389 609 1481 648 1871
1513 621 1552 659 p.
1571 608 1633 648 29.

897 700 1189 762 Πυθαγόρου.

461 771 707 829 Προξενίας
737 766 897 829 ἀρετῆς
925 787 972 814 τε
1001 767 1371 828 χάριμπρογόνων
1399 787 1447 814 τε
1476 771 1552 813 καὶ
1583 766 1722 813 αὐτοῦ
1784 784 1789 786 “

551 836 702 881 ἐνθάδ’
717 833 955 895 Ἀθηναῖοι
985 835 1265 896 Πυθαγόρην
1294 834 1460 882 ἔθεσαν

461 903 559 949 υἱὸν
589 905 803 963 δημοσίαι
833 905 1092 948 Διονυσίου·
1126 901 1379 960 ἱππόβοτον
1408 903 1458 948 δέ

555 970 752 1029 πατρίδα
781 971 1034 1030 Σαλυβρίαν
1064 964 1172 1014 ἵκετ’
1192 964 1300 1025 α’χος
1329 971 1567 1029 φθιμένου.

402 1078 506 1116 Ante
538 1075 637 1114 med.
671 1087 770 1113 saec.
803 1086 861 1114 IV.
916 1090 931 1113 ο
966 1088 1036 1125 pro
1064 1091 1103 1114 ου
1145 1076 1343 1125 scriptum,
1384 1074 1533 1113 litterae
1566 1088 1584 1127 ρ
1619 1074 1857 1125 antiquiores

297 1149 335 1180 et
370 1153 388 1178 Β
426 1141 582 1179 formae.
619 1161 664 1166 —
703 1129 864 1189 πρόξενον
895 1150 972 1176 non
1006 1150 1091 1177 esse
1124 1139 1294 1190 legatum
1321 1141 1454 1176 contra
1481 1137 1658 1177 Curtium
1681 1149 1832 1176 moneo.
1861 1158 1908 1164 —

302 1206 320 1242 1
351 1203 597 1254 Pythagorae
631 1199 748 1239 etiam
781 1199 948 1238 maiores
975 1201 1280 1240 Atheniensibus
1313 1199 1431 1238 amici
1462 1204 1502 1238 et
1528 1193 1682 1250 πρόξενοι
1707 1199 1830 1238 fuisse
1854 1198 1911 1237 vi-

298 1267 450 1312 dentur3
477 1277 568 1302 nam
596 1256 653 1301 διαὶ
680 1261 802 1311 ργένους
830 1275 854 1299 a
880 1268 990 1312 patre
1017 1263 1066 1300 ad
1092 1264 1220 1302 filium
1247 1258 1411 1316 προξενίαι
1428 1262 1528 1300 tradi
1547 1252 1708 1302 solebat.
1727 1285 1777 1292 —-
1796 1259 1820 1299 2
1840 1261 1912 1300 mi-

295 1341 360 1367 ror
387 1326 650 1365 accusativum
673 1325 840 1363 ionicum
868 1318 1101 1377 ΠυθοιὙόρην,
1129 1339 1215 1365 cum
1241 1325 1466 1376 praesertim
1493 1330 1596 1363 recte
1622 1324 1756 1363 dorica
1781 1323 1911 1367 Σηλυ-

301 1386 386 1442 βρίοι
426 1389 550 1427 forma
588 1391 787 1438 sequatur3
828 1391 888 1425 est
926 1387 1029 1424 enim
1060 1388 1152 1426 urbs
1187 1401 1211 1426 a
1243 1387 1533 1438 Megarensibus
1567 1387 1722 1426 condita
1755 1385 1913 1424 adscitis

299 1451 470 1490 Boeotis.
512 1450 655 1488 Contra
680 1450 720 1487 in
745 1449 869 1487 titulis
889 1449 1027 1487 Atticis
1046 1448 1207 1487 Euclida
1225 1444 1487 1500 superioribus
1505 1444 1734 1502 Σηλυμβρία.
1751 1448 1916 1487 formam

301 1515 444 1564 ubique
469 1512 628 1562 reperiri
655 1516 969 1559 consentaneum,
997 1512 1074 1552 vid.
1103 1512 1257 1552 Kirchh.
1286 1513 1367 1552 Ind.
1397 1512 1445 1550 V.
1483 1535 1530 1540 —
1569 1513 1590 1550 3
1625 1506 1784 1564 δημοὰίᾳ
1816 1509 1916 1548 male

301 1576 540 1615 collocatum.

304 1760 403 1798 ³⁸37.
458 1759 522 1797 Ad
548 1758 732 1809 Dipylon.
763 1759 804 1798 C.
834 1758 991 1798 Curtins
1017 1760 1130 1797 Diar.
1158 1760 1259 1798 arch.
1291 1761 1385 1799 1871
1415 1774 1453 1812 p.
1481 1761 1541 1801 28.

468 1839 663 1884 Ἐνθάδε
697 1841 979 1899 Θέρσανδρον
1009 1843 1084 1884 καί
1114 1839 1306 1895 Σιμύλον
1336 1838 1467 1900 ἄνδρε
1497 1839 1700 1886 ποθεινώ

560 1908 744 1964 πατρίδι
774 1905 1002 1966 Κερκύραι
1032 1908 1189 1960 δέξατο
1223 1912 1328 1965 γαῖα
1358 1909 1520 1966 τάφωι,

473 1975 683 2031 πρέσβεις
713 1972 941 2025 ἐλθόντας·
975 1974 1087 2017 κατὰ
1118 1975 1344 2028 συντυχίαν
1374 1975 1423 2019 δὲ
1452 1973 1672 2027 θανόντας

564 2042 721 2092 παῖδες
744 2038 996 2098 Ἀθηναίων
1026 2042 1241 2098 δημοσίαι
1271 2043 1490 2100 κτέρισαν.

409 2146 449 2172 1v
476 2146 572 2172 saec.
599 2146 636 2172 v.
656 2135 678 2171 3
707 2132 874 2184 πρέσβες.
937 2131 1091 2171 Curtius
1125 2133 1412 2179 Thersandrum
1444 2138 1484 2172 et
1518 2133 1709 2185 Simylum
1741 2133 1915 2171 Athenas

307 2197 447 2235 missos
474 2209 555 2234 esse
581 2199 693 2245 putat
720 2200 761 2231 ut
787 2198 945 2244 agerent
969 2195 1016 2232 de
1044 2194 1269 2244 Corcyraeis
1288 2196 1451 2246 aliisque
1469 2196 1613 2235 foederi
1631 2195 1781 2234 marino
1799 2195 1917 2233 attico

308 2259 497 2298 sociandis
524 2262 558 2295 a.
587 2257 703 2305 378s7
732 2257 777 2295 cf.
807 2256 991 2296 Schaefcr
1018 2259 1062 2295 de
1089 2260 1200 2295 sociis
1226 2258 1434 2298 Atheniens.
1463 2272 1501 2309 p.
1526 2259 1570 2296 12
1598 2271 1656 2309 sq.

240 2478 243 2481 ,
309 2436 407 2476 *38.
461 2438 524 2475 Ad
550 2437 733 2489 Dipylon.
763 2437 805 2476 C.
834 2437 987 2476 Curtius
1012 2439 1124 2477 Diar.
1153 2439 1258 2479 arch.
1289 2438 1384 2477 1871
1413 2451 1451 2489 p.
1473 2438 1533 2478 27.

476 2520 617 2576 Ζηλοῖ
647 2517 852 2570 σ’Ἑλλὰς
882 2522 1007 2563 πᾶσα
1037 2525 1178 2564 ποθεῖ
1207 2523 1253 2564 θ’
1273 2519 1411 2579 ἱεροῖς
1440 2520 1484 2563 ἐν
1513 2518 1690 2577 ἀγῶσιν,

566 2582 728 2637 Εὗθία,
761 2583 840 2629 οὐκ
871 2582 1050 2638 ἀδίκως·
1082 2581 1133 2638 ὃς
1161 2588 1321 2646 τέχνηι,
1358 2583 1454 2640 οὐχὶ
1485 2585 1617 2645 φύσει

474 2650 917 2710 ἐμβοτρυοστεφάνωι
948 2653 1179 2710 κωμῳδίαι
1209 2651 1452 2711 ἱδυγέλωτι

570 2716 774 2775 δεύτερος
803 2716 863 2761 ὢν
891 2716 1014 2770 τάξει
1045 2723 1222 2777 πρῶτος
1251 2719 1360 2778 ἔφυς
1389 2723 1603 2778 (σ)οφίαι.

410 2823 453 2850 1v
487 2824 586 2851 saec.
627 2823 663 2848 v.
692 2809 715 2847 ⁴2
744 2809 860 2862 τέχνει
893 2825 928 2850 v.
956 2811 979 2848 3
1012 2808 1201 2863 κωμοιόἵοιι
1234 2813 1430 2862 scriptum.
1467 2835 1516 2841 —
1550 2813 1576 2850 4
1611 2811 1799 2850 secundas
1826 2811 1915 2850 tulit

311 2874 357 2912 cf.
381 2874 533 2913 Gallim.
561 2887 621 2923 ep.
649 2873 671 2910 9
691 2871 805 2912 Schn.
1917 2886 1919 2888 ·
