1982 3256
273 233 356 276 260
820 230 1080 275 Epigrammata
1105 228 1323 275 sepulcralia.

273 342 460 394 Stephani
499 343 716 382 Thesaurus
757 354 833 380 non
872 342 989 380 habet
1021 341 1098 380 nisi
1132 355 1180 379 ex
1212 339 1430 380 Eustathio.
1458 362 1508 369 —
1543 339 1566 377 6
1601 339 1650 379 cf.
1691 318 1819 391 poeta.
1842 340 1884 379 in

273 404 445 443 Crameri
472 405 668 442 Amo-dotis
696 404 821 442 Paris.
848 402 904 442 IV
933 401 1007 441 322
1042 401 1203 453 ἀπῆλθεν
1231 396 1343 448 εὐθδς
1377 401 1392 440 ὃ
1430 395 1571 451 ’γλυκὺς
1603 400 1884 451 Κωνστοιντῒνος,

273 464 352 505 ἰδεῖν
378 460 427 505 τοὶ
456 464 561 519 πικροὶ
588 459 639 517 μὴ
668 458 833 514 θελήσας
859 464 923 504 τοῦ
955 460 1050 516 βίου.

271 652 368 690 641.
422 652 467 690 In
493 651 637 691 vicinia
662 651 823 689 Romae.
879 650 920 690 C.
949 649 978 689 I.
1007 650 1108 689 Add.
1136 649 1195 689 111
1223 649 1324 688 6250
1342 650 1381 689 b.

739 730 985 786 Εὗτυχεῖτε.

440 798 628 858 Μάγνης
658 799 706 844 ἐκ
743 797 954 857 Φρυγίης·
987 797 1160 856 Σκυθίη
1191 797 1241 841 δέ
1263 814 1318 852 με
1349 797 1578 855 παρθένος
1607 793 1755 856 ἆ[γν]η’

571 864 718 925 ἔτρεφ’
751 866 963 924 ἒλαιηρῶι
997 863 1217 907 Μανθίωι
1245 863 1290 907 ἐν
1319 863 1495 915 πεδίωι,

677 933 916 977 παλίσκιον
945 928 1133 975 λιπόντα
1162 929 1414 988 Μαγνήτων
1443 927 1588 974 πόλιν.

789 995 1033 1042 εὖπλοεῖτε.

382 1104 392 1130 1
429 1094 489 1132 vel
527 1105 559 1131 11
594 1092 748 1131 saeculi.
776 1113 826 1119 -
858 1091 877 1127 1
905 1101 997 1127 Ami-1
1026 1102 1123 1128 corr.
1151 1088 1291 1127 Franz.
1318 1111 1369 1118 —
1397 1089 1420 1126 2
1449 1089 1660 1127 Manthiam
1686 1087 1887 1138 planitiem

271 1171 348 1196 non
374 1157 563 1204 novimus,
592 1155 659 1194 sed
685 1156 725 1192 in
752 1153 867 1191 Italia
894 1153 1012 1190 sitam
1038 1151 1157 1190 fuisse
1182 1151 1381 1201 probabile
1408 1155 1467 1189 est
1522 1150 1698 1202 Scythiae
1732 1150 1886 1188 videtur

272 1219 434 1258 nutricis
461 1231 613 1266 nomen,
642 1217 809 1255 defuncti
836 1228 975 1253 nomen
1002 1214 1042 1252 in
1069 1214 1146 1252 alia
1172 1214 1308 1252 tumuli
1336 1219 1446 1263 parte
1472 1212 1656 1262 scriptum
1690 1211 1775 1251 fuit.

273 1427 375 1465 642.
427 1426 587 1483 Romae.
635 1424 681 1465 O.
708 1425 734 1464 1.
763 1423 876 1463 6283.

388 1538 902 1551 ........
959 1502 1234 1563 Ῥου[φείνου
1294 1535 1304 1545 .
1366 1535 1376 1544 .
1439 1535 1448 1544 .
1511 1535 1521 1545 .
1583 1535 1593 1544 .
1655 1534 1665 1544 .

381 1573 636 1631 (Ρουφείνου
665 1571 809 1630 τάφος
840 1565 982 1624 οὗτος,
1013 1566 1063 1614 ὃν
1084 1568 1309 1627 Ἀστέριόν
1338 1571 1437 1613 ποτ’
1469 1566 1663 1626 ἔκληζον,

387 1638 438 1694 ὃς
468 1640 704 1700 προλιπὼν
729 1637 896 1698 Ῥώμης
926 1637 1121 1682 δάπεδον
1151 1637 1318 1680 Νείλου
1349 1634 1482 1680 πόλιν
1511 1632 1659 1679 ἐλθών

385 1709 461 1752 καὶ
493 1711 750 1766 προκοπαῖς
778 1703 978 1762 λάμψας,
1013 1706 1260 1761 πολλοῖσ[ι]
1292 1703 1340 1746 δὲ
1372 1701 1518 1746 πολλὰ
1547 1698 1800 1760 παρασχών,

303 1781 327 1822 5
385 1776 553 1834 μηδένα
583 1773 799 1832 λυπησας,
832 1770 928 1817 ἀλλ’
960 1771 1024 1824 εἰς
1053 1772 1102 1815 τὸ
1135 1772 1309 1814 δίκαιον
1338 1766 1545 1828 ἀθρήσας

384 1844 553 1900 μοιρῶν
584 1838 663 1885 οὐκ
694 1840 853 1898 ἔφυγεν
881 1842 1072 1898 τρισσῶν
1100 1837 1241 1893 μίτον,
1274 1833 1387 1880 ἀλλὰ
1417 1834 1660 1894 νεκρωθείς

384 1908 463 1964 τὴν
494 1907 640 1966 ψυχὴν
670 1905 899 1951 ἀπέδωκεν
929 1906 973 1958 ἐς
1003 1903 1128 1963 ἀέρα,
1163 1907 1289 1959 σῶμα
1320 1904 1369 1948 δὲ
1398 1903 1513 1962 πρὸς
1541 1905 1634 1961 γῆν.

386 1973 500 2019 ἀλλὰ
531 1976 607 2019 καὶ
639 1971 866 2032 εὖσεβείης
897 1972 1018 2027 ἔσχεν
1049 1972 1193 2031 κρίσιν
1222 1972 1267 2015 ἐν
1296 1970 1600 2028 φθιμένοισιν,

386 2043 461 2085 καὶ
492 2040 627 2084 πάλιν
658 2037 748 2085 εἶδε
777 2041 827 2085 τὸ
860 2042 956 2097 φῶς
986 2039 1139 2097 νεκρὸς
1168 2035 1227 2081 ὧν
1258 2037 1334 2080 καὶ
1364 2035 1528 2081 πόντον
1558 2034 1768 2079 ἔπλευσεν

276 2114 328 2155 10
389 2109 464 2151 καὶ
492 2106 638 2166 χώρης
668 2106 786 2166 ἰδίης
814 2106 968 2164 ἐπέβη·
1017 2107 1094 2150 σὺν
1124 2107 1258 2149 παισὶ
1289 2104 1338 2148 δὲ
1368 2107 1525 2155 κεῖται,

386 2169 445 2218 ὧν
475 2172 555 2217 οὐκ
586 2170 676 2217 εἶδε
706 2175 834 2226 τέλος
862 2172 1077 2217 θανάτου·
1110 2175 1288 2231 πρῶτος
1318 2171 1401 2229 γὰρ
1431 2169 1634 2229 ἔθνησκε.

387 2239 411 2300 ἡ
443 2242 491 2285 δὲ
521 2242 681 2286 τέκνων
712 2243 876 2284 δισσῶν
904 2239 1049 2300 μήτηρ
1081 2238 1215 2297 σεμνὴ
1252 2236 1372 2298 [ἠ]δὲ
1403 2238 1645 2295 φίλανδρος

387 2308 461 2351 καὶ
492 2308 686 2364 πέλαγος
717 2308 989 2366 διέπλε[υ]σε
1021 2308 1095 2351 καὶ
1126 2303 1258 2364 ἴγαγε
1290 2307 1417 2360 σῶμα
1445 2307 1657 2361 βυθοῖσιν

387 2376 462 2418 καὶ
493 2374 717 2425 καμάτους
746 2374 955 2429 ὑπέμεινε
986 2375 1061 2418 καὶ
1091 2374 1135 2418 ἐν
1164 2371 1353 2431 θρήνοις
1381 2371 1573 2427 διέμεινε

275 2447 327 2486 15
391 2441 465 2484 καὶ
493 2440 645 2498 τύμβῳ
677 2443 899 2500 κατέθηκε
931 2443 1004 2485 καὶ
1036 2438 1194 2484 αἰῶσιν
1224 2440 1473 2497 παρέδωκε.

503 2508 872 2566 Δαμοστρατείας
899 2509 1038 2550 ταῦτα
1067 2509 1146 2565 τῆς
1175 2505 1455 2564 φιλανδρίας.

377 2611 420 2636 111
448 2599 510 2636 vel
535 2610 577 2635 1v
606 2599 758 2638 saeculi.
781 2622 831 2627 -
856 2601 873 2636 1
895 2610 973 2637 pov
999 2601 1041 2637 in
1067 2598 1194 2636 medio
1222 2609 1336 2635 versu
1362 2597 1534 2646 positum
1547 2596 1676 2635 nescio
1702 2609 1751 2634 an
1779 2609 1885 2635 error

273 2662 327 2700 sit
354 2661 552 2710 lapicidae.
580 2683 629 2688 —
656 2661 678 2698 2
706 2662 730 2698 i.
760 2675 790 2699 e.
820 2661 1020 2711 Nilopolis.
1047 2684 1097 2689 —
1126 2661 1148 2698 3
1176 2669 1406 2698 ηοΛΛοιΣΔε
1431 2682 1482 2687 -
1502 2660 1523 2697 7
1543 2671 1641 2696 uxor
1667 2671 1755 2697 cum
1780 2671 1883 2697 mor-

273 2728 384 2761 tuum
417 2722 606 2760 audiisset
638 2723 818 2760 maritum
847 2723 973 2760 Roma
999 2723 1203 2773 Nilopolin
1236 2722 1409 2772 profecta
1444 2721 1643 2772 sepultum*
1663 2722 1745 2759 erui
1772 2721 1884 2759 iussit

271 2796 486 2834 corpusque
511 2784 550 2820 in
577 2785 744 2832 patriam
770 2785 940 2824 abstulit.
978 2785 1230 2835 Epigramma
1257 2784 1453 2834 aliquanto
1479 2789 1568 2834 post
1585 2783 1880 2833 insculpendum

271 2846 418 2884 curavit
448 2846 609 2883 mortuis
643 2846 790 2884 duobus
823 2846 912 2884 filiis
953 2847 1007 2896 (v.
1037 2847 1090 2896 9).
1125 2868 1175 2875 -
1213 2848 1255 2883 11
1293 2856 1482 2884 ΣΕΜΝΗΔΕ
1522 2857 1618 2883 corr.
1653 2845 1799 2885 Iamba.
1832 2867 1882 2873 -
