1982 3256
202 193 285 234 ‚⁶324
789 188 1048 233 Epigrammata
1072 186 1290 232 sepulcralia.

203 302 293 341 551.
347 302 507 340 Romae.
561 299 604 338 C.
632 299 664 338 Ι.
693 299 787 337 6261
820 299 906 337 coll.
936 298 1037 337 Add.
1065 296 1124 336 ΙΙΙ
1154 297 1266 336 1266.

231 402 268 430 a,
379 382 468 437 Τὴν
498 383 722 424 κυανῶπιν
753 383 956 432 Μοῦσαν,
987 375 1152 438 ἀηδόνα
1185 379 1264 438 τὴν
1291 379 1529 438 μελίγηρυν

490 446 635 498 λειτὸς
667 444 730 490 ὅδ’
762 446 972 505 ἐξαπίνης
1000 445 1166 501 τύμβος
1197 440 1385 489 ἄναυδον
1413 443 1515 500 ἔχει,

372 515 447 557 καὶ
477 517 622 556 κεῖται
651 513 782 565 λίθος
812 507 872 566 ὣς
901 510 926 573 ἦ
960 512 1204 570 πάνσοφος,
1237 509 1263 572 ἦ
1295 513 1555 571 περίβωτος·

488 583 655 623 Μοῦσα
687 579 813 637 καλή,
847 579 991 638 κούφη
1023 580 1096 624 σοὶ
1127 580 1247 632 κόνις
1275 577 1355 638 ἥδε
1386 580 1531 622 πέλοι.

305 679 475 724 protome
502 672 677 720 feminae,
703 671 753 709 ad
780 671 977 710 sinistram
1005 672 1162 720 cithara,
1189 671 1241 710 ad
1268 671 1443 710 dextram
1469 670 1567 720 lyra.

230 760 270 801 b.
378 754 455 805 Τίς
483 771 569 808 μου
598 753 679 813 τήν
708 755 896 811 Σειρῆνα
929 753 1062 804 κακὸς
1092 752 1227 804 κακὸς
1255 750 1430 809 η’ρπασε
1461 753 1652 807 δαι’μων,·

233 828 258 867 6
490 823 558 872 τίς
586 837 672 875 μου
702 819 780 878 τὴν
809 819 1021 878 γλυκερὴν
1049 818 1224 877 η’ρπασε
1256 817 1484 875 ἆηδονίδα,

373 888 493 931 νυκτὶ
523 890 606 946 μιῇ
639 890 880 944 ψυχραῖσιν
911 881 1033 944 άφαρ
1065 885 1323 942 στοῖγόνεσσι
1354 886 1589 940 λυθεῖσανς

489 950 615 1004 ὤλεο,
649 955 829 1003 Μοῦσα,
862 953 996 1010 ἐτάκη
1028 954 1063 994 δ’
1095 947 1270 1007 ὄμματα
1301 951 1446 994 ἐκεῖνα
1476 950 1567 1004 σέο,

373 1022 448 1065 καὶ
481 1020 623 1076 στόμα
655 1020 912 1077 πέφρακται
948 1019 997 1062 τὸ
1025 1018 1221 1075 χρύσεον·
1255 1015 1383 1062 οὐδὲν
1411 1016 1469 1061 ἔτ’
1500 1018 1545 1061 ἒν
1575 1018 1663 1061 σοί

208 1093 259 1134 10
493 1087 709 1143 λείψανον
740 1083 791 1130 οὗ
823 1085 1067 1144 κά(λ>λους,
1102 1082 1154 1129 οὗ
1187 1085 1350 1143 σοφίης
1379 1085 1576 1128 πέλεται.

374 1171 564 1212 ερρεται,
595 1155 820 1231 μέρμηραι
851 1154 1114 1210 θυμαλγέες·
1148 1168 1345 1209 αμμοροι
1376 1150 1546 1221 ἐσθλῆς

492 1221 675 1271 ἐλπίδος
705 1215 955 1277 ἄνθρωποι·
988 1218 1131 1262 πάντα
1164 1219 1200 1261 δ’
1233 1212 1376 1276 άδηλα
1406 1217 1549 1276 τύχης·

824 1312 1025 1349 Petroniae
1052 1310 1195 1349 Musae.
1238 1325 1248 1345 .’

307 1410 340 1436 11
368 1397 428 1436 vel
463 1409 510 1435 111
545 1395 700 1435 saeculi.
728 1418 778 1423 —
805 1395 828 1432 5
856 1397 978 1440 κακῶς
1012 1389 1123 1439 κακός
1160 1394 1317 1442 Gruter,
1350 1387 1461 1438 κακὸς
1497 1384 1607 1438 κακός
1641 1391 1820 1432 Gerhard

209 1461 384 1499 visconti
406 1459 605 1509 Stephani,
635 1470 797 1507 quorum
823 1469 1048 1495 consensum
1077 1469 1257 1506 spernere
1284 1455 1400 1495 nolui.
1415 1478 1464 1484 —
1481 1456 1501 1492 7
1515 1454 1615 1493 vidit
1631 1454 1821 1505 Stephani

206 1525 301 1561 haec
328 1523 445 1560 verba
471 1521 520 1558 ad
547 1520 668 1559 solam
702 1519 905 1557 lusciniam
936 1519 1134 1557 referenda
1161 1531 1264 1566 esse,
1300 1518 1360 1555 oui
1388 1530 1503 1567 saepe
1529 1518 1729 1568 ingruente
1752 1517 1821 1555 fri-

207 1597 298 1635 gore
336 1585 412 1622 cita
445 1595 547 1621 mors
579 1587 717 1631 parata
750 1587 818 1618 est.
855 1602 902 1610 —
933 1581 979 1618 10
1006 1590 1222 1619 ογκΑΛογε
1249 1579 1391 1624 Gruter
1419 1579 1595 1623 Visconti
1622 1579 1821 1631 Stephani,

208 1656 433 1684 ογκειΔοΥς
461 1644 648 1682 Fabretti.
678 1666 724 1671 —
758 1646 797 1680 11
832 1639 967 1695 ἔρρε-ται
994 1641 1108 1681 Gerh.
1138 1646 1176 1680 et
1204 1641 1334 1693 steph.
1362 1643 1387 1681 i.
1418 1655 1447 1681 e.
1478 1639 1603 1694 ἔρρετε.
1632 1664 1682 1670 -
1701 1641 1820 1690 Quod

210 1710 365 1747 omnino
394 1707 480 1758 quis
507 1707 546 1744 in
573 1711 655 1744 tam
683 1718 788 1743 aeres
817 1717 857 1743 se
882 1705 1098 1755 profuderit
1125 1710 1281 1754 questus
1307 1717 1383 1742 non
1409 1708 1535 1754 patet,
1571 1704 1638 1742 vix
1673 1704 1822 1754 integra

209 1776 268 1809 est
293 1770 512 1820 inscripti03
554 1781 671 1818 quam
699 1768 731 1806 si
758 1780 842 1805 cum
870 1767 924 1805 eis
959 1780 1058 1817 quae
1090 1767 1322 1816 praecedunt
1356 1766 1409 1815 (n.
1428 1766 1521 1816 550)
1549 1766 1818 1816 conparaveris

208 1834 371 1872 fortasse
402 1845 549 1870 mecum
584 1831 634 1869 ad
668 1830 830 1868 eundem
864 1829 1053 1867 tumulum
1086 1829 1280 1879 pertinere
1319 1828 1476 1866 senties:
1517 1827 1597 1866 illie
1638 1831 1818 1878 parentes

208 1895 368 1932 maritus
394 1894 532 1931 fratres
559 1892 679 1931 filiam
706 1903 866 1930 uxorem
891 1904 1064 1930 sororem
1089 1891 1241 1942 lugent,
1275 1890 1336 1928 hic
1369 1902 1500 1928 omnes
1526 1889 1702 1928 homines
1737 1901 1817 1928 ere-

208 1962 318 2007 ptam
344 1956 417 1995 sibi
443 1956 597 1994 doctam
621 1954 792 2005 puellam
817 1954 978 2004 eiusque
1004 1963 1126 1991 artem
1151 1953 1348 1992 musicam.

209 2173 307 2214 552.
360 2173 519 2212 Romae.
574 2172 617 2212 C.
643 2171 674 2210 Ι.
703 2171 814 2210 6295.

484 2248 725 2311 Φλαβιανῷ
755 2252 868 2312 θ’ρωι
899 2252 1046 2310 πατὴρ
1078 2254 1237 2311 Δῶρος
1265 2250 1366 2295 τόδε
1398 2255 1530 2310 σῆμα,

588 2318 638 2371 ἓξ
665 2319 740 2363 ε’πὶ
769 2322 864 2370 τοῖς
894 2320 985 2362 δέκ’
1017 2317 1091 2377 ἔτη
1120 2322 1262 2374 μοῦνα
1290 2320 1570 2376 βιωσαμένῳ·

479 2390 634 2444 Μοῖρα
665 2386 747 2443 γὰρ
776 2385 1000 2437 Αἰολίδος
1029 2383 1199 2443 πάτρης
1230 2382 1458 2428 ἀπάνευθε
1492 2384 1693 2443 Μυρίνης

587 2452 717 2508 &dms
751 2469 793 2496 τε
826 2454 898 2495 καὶ
927 2455 1104 2506 μουσῶν
1134 2448 1248 2495 εὖνιν
1278 2449 1404 2509 ἔθηκ’
1436 2448 1608 2509 ἀρετῆς.

315 2558 344 2582 11
377 2546 457 2583 fere
491 2544 639 2583 saeculi.
671 2566 716 2572 —
747 2544 915 2594 Elegans
943 2544 1146 2581 verborum
1172 2547 1212 2581 et
1237 2543 1405 2581 inventio
1432 2549 1470 2580 et
1495 2543 1589 2581 ordo
1623 2547 1701 2589 est3
1740 2554 1817 2579 non

212 2609 267 2645 sic
284 2610 372 2656 fato
405 2608 594 2655 abreptum
626 2607 787 2654 sepelivit
806 2612 938 2655 pater,
973 2606 1040 2643 sed
1057 2607 1182 2654 fatum
1213 2605 1390 2654 sepelivit,
1422 2611 1529 2653 pater
1553 2610 1817 2642 monumentum

208 2672 339 2719 posuit.
385 2668 573 2706 Moriendi
601 2669 757 2706 verbum
785 2668 945 2706 nullum.
