1982 3256
242 235 324 279 336
792 233 1058 280 Epigrammata
1081 233 1300 269 dedicatoria.

383 340 547 386 αὐτόθι
578 341 659 399 γὰρ
690 341 942 396 κλειδοῦχος
971 339 1056 399 ἔφυ
1086 341 1357 400 Βασιληίὸος
1375 339 1530 400 “Ἠρης,

498 410 543 452 ἐν
571 408 725 465 Λέρνῃ
755 409 791 450 δ’
823 405 973 462 ἔλαχεν
1001 407 1306 463 μυστιπόλους
1337 410 1506 460 δαίδας.

286 547 324 588 b.
384 543 614 600 Δᾳὸοῧχος
640 557 696 594 με
725 538 890 600 Κόρης,
922 543 1134 599 Βασιλᾶν,
1167 540 1291 594 Διός,
1324 541 1423 601 ἱερὰ
1454 545 1601 601 σηκῶν

273 613 324 654 10
483 606 627 663 ’Ἠρας
657 608 847 664 κλεῖθρα
878 609 1027 668 φέρων
1054 609 1207 664 βωμὸν
1236 608 1373 668 ἔθηκε
1398 607 1507 668 Ῥέῃ,

374 672 610 733 Ἀρχέλεως
637 674 818 732 τελετῆς
848 675 1113 734 συνθήματα
1145 677 1316 734 κρυπτὰ
1344 673 1539 734 χαράξας

495 738 773 798 ταυροβόλου
803 744 979 798 πρῶτον
1009 745 1140 800 δεῦρο
1171 743 1462 801 τελειομένης.

342 844 374 871 11
401 833 461 871 vel
487 843 535 870 111
562 832 714 871 saeculi.
753 832 989 872 Taurobolia
1016 835 1170 884 quando
1197 836 1365 885 primum
1392 835 1441 872 ab
1468 821 1769 872 Atheniensibus
1787 845 1849 871 re-

242 899 355 946 cepta
381 895 461 933 sint
487 895 540 946 (v.
563 894 629 944 12)
657 895 856 933 nescimus.
886 917 932 924 -—
962 896 1177 935 Archelaus
1209 896 1456 935 Atheniensis
1484 896 1538 946 (v.
1557 896 1611 946 5),
1648 895 1766 946 Argis
1793 895 1850 934 vi-
1874 908 1877 910 ’

242 962 322 996 tam
349 957 489 1007 degens
510 957 563 1006 (v.
583 957 606 993 5
622 958 713 1006 sq.),
740 956 899 995 Iunonis
918 957 1139 1007 cleduchus,
1166 958 1427 1008 Proserpinae
1445 958 1643 996 Lernaeae
1655 957 1850 995 daduchus

242 1019 408 1069 itemque
434 1019 636 1068 utriusque
664 1019 756 1056 deae
784 1019 846 1068 (cf.
875 1019 990 1059 Paus.
1024 1019 1117 1058 VIII
1145 1021 1205 1068 31,
1221 1020 1244 1058 2
1277 1022 1347 1058 τοῦ·
1379 1022 1467 1059 ναοῦ·
1499 1017 1538 1058 δὲ
1569 1022 1640 1059 τῶν
1675 1013 1850 1073 με’γοίλων

243 1081 336 1120 θεῶν
355 1081 449 1119 ἐστιν
475 1080 509 1119 ἐν
537 1078 638 1134 δεξιᾷ
664 1075 724 1120 καὶ
750 1075 882 1132 Κόρης)
910 1085 950 1120 et
966 1081 1070 1120 Iovis
1084 1082 1177 1120 Atti
1203 1081 1412 1132 Rheaeque
1441 1095 1605 1133 quorum
1629 1082 1851 1133 nuperrime

244 1144 363 1182 sacris
390 1143 564 1182 initiatus
590 1147 652 1182 est
678 1155 785 1181 aram
813 1143 972 1182 dedicat.
1000 1166 1049 1171 —
1081 1145 1123 1181 11
1154 1143 1195 1182 in
1228 1157 1305 1182 uno
1329 1135 1429 1183 >arae
1462 1145 1581 1183 latere
1615 1144 1716 1183 faces
1740 1144 1852 1183 *duae

244 1205 475 1244 decussatim
501 1219 578 1243 una
604 1206 714 1243 alteri
740 1218 918 1253 conexae,
946 1206 1122 1255 utrinque
1149 1206 1274 1256 pinus,
1300 1207 1341 1243 in
1369 1207 1564 1257 superiore
1582 1211 1692 1257 parte
1709 1207 1844 1245 buera-

244 1268 309 1305 nia
334 1268 410 1305 tria
436 1268 548 1306 sertis
575 1268 676 1306 inter
702 1279 744 1306 se
771 1269 991 1306 coniuncta:
1021 1270 1114 1306 haec
1139 1275 1234 1318 puto
1263 1260 1486 1320 συνθῆμοιτοι
1513 1261 1660 1320 κρυπτοί
1684 1267 1772 1306 dici.
1798 1288 1849 1296 —-

245 1329 478 1367 Archelaum
505 1329 652 1368 conicio
679 1334 746 1368 aut
773 1331 935 1368 eundem
961 1342 1047 1368 esse
1074 1334 1142 1368 aut
1168 1336 1318 1380 patrem
1341 1331 1514 1373 filiumve
1549 1331 1629 1369 eius
1655 1329 1852 1378 Archelai,

246 1391 313 1440 qui
341 1391 578 1430 antecedenti
599 1391 766 1429 carmine
793 1392 1024 1439 honoratur;
1054 1398 1185 1430 notum
1213 1393 1313 1431 enim
1341 1398 1402 1431 est
1426 1394 1466 1431 in
1492 1394 1548 1432 eis
1566 1392 1758 1443 gentibus,
1784 1403 1852 1442 pe-

245 1465 313 1491 nes
340 1466 437 1503 quas
464 1454 675 1492 sacerdotia
700 1458 791 1492 sunt
815 1454 1029 1503 antiquitus
1057 1460 1227 1504 recepta,
1264 1455 1490 1505 saepissime
1525 1454 1638 1493 simul
1671 1465 1758 1492 cum
1785 1465 1848 1492 sa-

246 1526 399 1552 crorum
423 1515 640 1553 ministerio
666 1515 822 1553 nomina
848 1516 980 1554 eadem
1015 1529 1085 1566 per
1111 1518 1229 1567 longa
1256 1525 1474 1568 temporum
1500 1516 1627 1568 spatia
1651 1519 1853 1564 tamquam

246 1589 315 1626 per
341 1589 477 1615 manus
503 1578 605 1616 tradi
633 1578 765 1616 solere.
820 1577 1000 1616 Ceterum
1027 1580 1304 1618 Archelaorum
1332 1592 1521 1630 proavum
1547 1579 1582 1617 si
1609 1577 1696 1628 quis
1719 1575 1852 1615 videa-

246 1644 308 1676 tur
348 1634 430 1677 sibiv
454 1639 703 1690 deprendisse
734 1640 968 1678 Archelaum
1010 1641 1193 1680 Archelai
1233 1641 1425 1681 notissimi
1458 1640 1705 1680 Mithradatis
1747 1640 1853 1680 ducis

246 1700 388 1749 filium,
424 1714 537 1751 quem
562 1701 765 1752 Pompeius
794 1701 988 1742 comanae
1013 1702 1174 1742 Pontica
1199 1704 1239 1742 in
1266 1706 1359 1743 urbe
1386 1705 1622 1743 sacerdotem
1647 1701 1852 1742 constituit

250 1761 398 1811 (Strab.
426 1777 464 1813 p.
484 1765 591 1814 558),
617 1764 793 1815 equidem
819 1776 902 1802 non>
923 1766 1097 1804 obstabo.

248 1947 349 1988 828.
401 1949 558 1989 Romae.
613 1949 656 1989 C.
684 1951 712 1991 Ι.
741 1950 841 1991 6012
857 1964 888 1991 c.

782 2030 938 2091 Μητρὶ
966 2036 1099 2076 θεῶν.

411 2094 481 2140 Ἐκ
512 2096 741 2142 δεκάπεντ’
775 2095 943 2155 ἀνδρῶν
980 2099 1151 2154 Φοίβου
1181 2100 1522 2158 στεφανηφόρος
1552 2098 1670 2157 ὶρεύς

416 2163 645 2223 Κρήσκηνς
676 2162 871 2223 ἠγάθεός
899 2183 946 2209 τε
976 2165 1207 2222 Λεόντιος,
1239 2164 1423 2222 ἔνσοφοι
1453 2162 1620 2224 ἄνδρες,

538 2226 589 2283 ²69
616 2233 696 2286 μὲν
725 2229 802 2275 ἀπ’
835 2229 1055 2291 ἆντολίης,
1087 2229 1137 2284 ὃς
1167 2235 1203 2276 δ’
1236 2228 1304 2290 ἄρ’
1335 2229 1412 2288 ἀφ’
1443 2231 1664 2291 ἑσπερίης,

414 2293 541 2355 ὄργια
573 2298 830 2355 συνρέξαντε
859 2301 966 2342 θεᾶι
997 2297 1257 2358 παμμῆτορι
1282 2297 1415 2357 Ῥείηι

331 2369 356 2408 5
416 2364 653 2422 κριοβόλου
681 2366 858 2423 τελετῆς
888 2367 963 2409 καὶ
993 2362 1287 2422 ταυροβόλοιο
1319 2367 1531 2424 φεριστης

544 2448 680 2489 ημασι
708 2429 1001 2486 μυστιπόλοις
1028 2432 1178 2487 βωμὸν
1205 2430 1520 2490 ὑπερτίθεσαν.

349 2522 499 2562 Titulus
526 2536 570 2561 eo
597 2522 661 2573 qui
688 2523 857 2572 sequitur
885 2524 926 2574 (i.
955 2538 986 2563 e.
1014 2537 1116 2563 anno
1145 2524 1235 2574 370)
1264 2524 1466 2574 antiquior.
1483 2546 1530 2554 —
1551 2525 1566 2562 1
1598 2525 1776 2563 videntur
1801 2536 1850 2563 ex

247 2585 463 2635 quindecim
510 2585 602 2622 viris
652 2585 779 2623 nescia
820 2599 897 2636 qua
937 2599 1048 2624 sacra
1087 2586 1298 2636 profanave
1337 2587 1602 2624 communione
1641 2587 1849 2625 coniunctis

248 2646 431 2685 Crescens
470 2653 507 2684 et
541 2646 725 2684 Leontius
768 2652 872 2686 sorte
904 2649 1014 2687 electi
1047 2660 1130 2686 esse
1171 2647 1238 2697 qui
1272 2648 1404 2686 Rheae
1441 2649 1558 2687 sacris
1592 2649 1846 2686 initiarentur.

247 2708 302 2746 Hi
327 2714 454 2748 autem
482 2709 577 2747 deae
603 2709 749 2758 gratias
778 2710 983 2748 referentes
1011 2724 1081 2762 pro
1107 2711 1386 2749 consecratione
1413 2720 1521 2749 aram
1547 2716 1765 2761 posuerunt.
