1982 3256
298 247 351 289 56
851 236 1108 283 Epigrammata
1134 233 1351 278 sepulcralia.

403 354 588 392 Videntur
615 365 734 403 χοικοιι
761 349 963 419 adpellari
973 348 1114 397 quibus
1141 358 1210 396 per
1237 349 1401 383 aetatem
1423 343 1573 384 choum
1591 341 1759 395 pompae
1762 335 1912 384 Sacrae

305 420 490 457 interesse
523 414 648 459 licuit3
689 413 882 450 instabant
907 400 1010 457 Χοες,
1046 413 1087 447 at
1113 409 1340 458 priusquam
1369 407 1549 446 adessent
1573 406 1790 457 puellulam
1801 406 1912 447 abri—
1969 423 1973 457 3

302 480 387 533 puit
414 490 527 517 mors.
580 477 677 520 Χους
704 475 867 514 formam
895 473 977 512 iure
1004 470 1167 510 mireris.

303 678 395 717 158.
450 679 492 717 In
523 680 626 718 urbe.
682 678 725 717 C.
754 678 784 716 I.
817 675 927 714 1025.
982 675 1142 714 cuman.
1179 673 1294 730 2944.

499 770 707 830 (Ηὸίστης
738 767 838 814 τόδε
870 772 988 826 σῆμα
1022 766 1246 823 θυγατρὸς
1277 763 1487 809 πάιδικόὺ
1517 765 1647 809 ἔστιν.

402 869 570 922 Ἥόίστης
617 875 696 911 iure
744 871 938 911 Boeckhio
988 870 1217 908 adieetivum
1266 868 1429 906 videtur.
1477 891 1527 897 —-
1574 868 1820 926 Cumanudes
1869 871 1918 909 de

308 933 463 974 παιδικόν
483 937 667 974 vocabulo
687 936 847 982 dubitat,
875 933 977 984 quod
997 931 1167 971 additum
1187 935 1246 970 est
1273 935 1314 969 ut
1331 935 1438 970 aetas
1466 931 1568 970 filiae
1595 937 1747 979 notetur
1763 933 1917 971 nomine

308 998 431 1037 adhuc
459 999 636 1037 carentis

307 1182 399 1221 159.
455 1184 499 1222 In
527 1186 625 1224 odeo
652 1186 828 1226 Herodis.
884 1186 1044 1225 Cuman.
1084 1185 1196 1223 3519.

483 1281 670 1336 Γηροῦσ’
703 1275 727 1335 ἢ
760 1281 992 1338 ὁιὲ]μεινεν
1025 1276 1286 1335 ἇείμιηστον
1315 1273 1496 1333 τρόπον,
1527 1273 1652 1333 αὕτη·

482 1345 530 1401 ἧς
559 1345 638 1398 μὲν
671 1349 777 1400 σωμ
810 1347 890 1403 ἐνὶ]
910 1349 983 1403 γ[ῆ
1015 1348 1191 1404 κ]εῖται,
1229 1342 1344 1400 ψυχὴ
1376 1341 1457 1385 δ”
1437 1359 1481 1385 εν
1505 1339 1751 1399 ’monasth

418 1449 460 1484 l.
531 1480 539 1488 .
555 1462 666 1487 xswev.
721 1462 754 1486 M
773 1450 896 1488 forma
923 1463 1022 1500 quae
1050 1453 1180 1499 aperte
1205 1446 1277 1484 fuit
1304 1445 1397 1483 satis
1424 1445 1564 1482 bonam
1591 1448 1756 1483 aetatem
1796 1444 1919 1487 vindi-

311 1514 371 1546 cat
400 1510 522 1548 titulo.
551 1534 600 1538 —
630 1511 832 1551 structura
859 1513 952 1551 satis
980 1512 1075 1550 dura
1103 1510 1168 1549 sed
1197 1522 1275 1560 qua
1302 1508 1483 1546 leviorem
1510 1507 1576 1545 vix
1604 1507 1784 1548 invenies.

281 1761 287 1767 ⁸
317 1703 418 1745 160.
474 1706 589 1745 Circa
617 1706 850 1756 Cephisiam.
904 1709 1008 1746 Ross
1036 1708 1135 1745 Mus.
1163 1707 1232 1744 Rh.
1262 1705 1357 1743 VIII
1388 1705 1471 1745 123.

541 1797 715 1850 Ἠέλιος
746 1801 821 1844 καὶ
852 1806 955 1859 γαῖα
985 1801 1061 1846 καὶ
1093 1797 1279 1858 οὐρανὸς
1309 1795 1455 1856 [εὐρὺς
1483 1795 1660 1842 ἔσονται

543 1864 778 1924 μάρτυρες,
812 1866 870 1919 ὡς
930 1898 1657 1911 ...........
1713 1922 1716 1923 ⁷

547 1931 704 1976 οὕνεκα
736 1933 777 1977 οἱ
811 1935 885 1978 καὶ
916 1935 1043 1991 ὁένόρ
1075 1964 1655 1979 .........

548 1999 622 2042 καὶ
655 2002 795 2057 πηγαὶ
827 2004 1013 2059 7“[()()χ[ε.
1075 2034 1084 2044 .
1146 2033 1154 2042 .
1217 2032 1227 2041 .
1291 2032 1299 2041 .
1361 2036 1370 2045 .
1431 2035 1440 2044 .
1502 2023 1511 2041 ι
1574 2032 1584 2041 .
1646 2032 1655 2042 .
1698 2006 1702 2010 ’

911 2068 983 2111 σοὶ
1011 2065 1238 2124 (Ρήγιλλα.

423 2166 486 2204 Ne
526 2170 752 2208 sententiam
793 2172 947 2220 quidem
986 2175 1087 2208 certo
1121 2168 1234 2206 modo
1268 2168 1470 2208 adsecutus
1503 2181 1598 2208 sum.
1662 2166 1757 2211 Sun't
1791 2184 1925 2210 versus

323 2226 491 2266 Herodis
525 2230 643 2268 Attici
676 2233 714 2269 in
742 2233 918 2284 Regillae
953 2232 1127 2282 sepulcro
1160 2231 1221 2268 vel
1253 2231 1357 2269 circa
1396 2232 1586 2270 tumulum
1611 2233 1738 2282 positi.
1792 2233 1928 2272 Potest

322 2288 389 2325 ille
429 2291 587 2329 arbores
625 2293 823 2344 fontesque
862 2299 1021 2333 mortem
1059 2293 1188 2330 uxoris
1222 2293 1402 2332 deflentes
1435 2295 1609 2343 finxisse,
1643 2299 1687 2333 ut
1719 2294 1928 2345 Gregorius

327 2350 416 2387 fecit
442 2352 490 2390 A.
519 2353 560 2390 P.
581 2354 676 2393 VIII
705 2357 751 2394 97
780 2364 816 2394 et
847 2357 930 2404 129,
957 2356 1019 2394 vel
1046 2355 1178 2394 dolore
1205 2355 1394 2393 arefactos
1422 2357 1472 2394 ad
1490 2357 1684 2407 Antiphili
1710 2357 1928 2408 exemplum

328 2411 377 2449 A.
405 2412 449 2451 Ρ
478 2413 553 2452 VII
584 2417 667 2464 141,
695 2418 755 2455 vel
783 2419 942 2468 denique
969 2417 1129 2456 celebris
1156 2417 1444 2467 epigrammatis
1471 2419 1656 2458 homerici
1673 2431 1819 2459 memor
1836 2420 1931 2458 haec

329 2477 454 2520 potest
480 2477 694 2526 scripsisse:
739 2472 781 2517 οὑ]
781 2495 863 2518 νεκοι
895 2479 921 2518 οἶ
948 2495 1008 2518 κοιι
1036 2476 1181 2531 ὃενὸρ[ε’
1211 2476 1274 2523 εως
1303 2481 1484 2527 (ΔΕΝΔΡω
1510 2481 1633 2531 Ross)
1667 2486 1691 2520 ’κ
1693 2477 1768 2520 ’ἔτι
1801 2474 1931 2534 μακροὶ

329 2527 462 2594 τεθήλῃ
504 2552 563 2574 κοιι
597 2535 707 2587 πηγαὶ
742 2541 933 2593 προχέωσιν
965 2534 1074 2591 ὑόωρ,
1109 2555 1251 2592 μνημην
1285 2535 1468 2581 ὃιοισωσω.
1531 2543 1620 2592 Quo
1653 2534 1808 2593 sumpto
1842 2556 1878 2580 v.
1907 2543 1931 2580 2

329 2594 424 2632 haee
464 2598 539 2636 fuit
578 2603 762 2640 sententia
800 2611 901 2642 testes
939 2610 1045 2641 santo
1075 2610 1298 2652 quantopere
1340 2608 1462 2643 axoris
1500 2612 1615 2643 morte
1647 2606 1815 2654 adflictus
1849 2607 1930 2644 sim.

330 2655 542 2705 Supersunt
567 2673 763 2711 ωεΜειοΠ,
798 2670 838 2703 ut
864 2666 994 2704 ludam
1028 2679 1075 2708 ως
1109 2679 1157 2715 με
1181 2679 1218 2702 το
1260 2666 1384 2712 πένθος
1412 2664 1463 2706 ἐπ
1495 2667 1613 2728 ἕσθλη
1638 2669 1764 2718 Τρῧχὲ
1776 2681 1931 2715 ‘lma-⁰²²·

329 2717 456 2756 Lucos
490 2734 683 2772 aquasque
709 2725 884 2765 invocare
910 2727 1080 2777 proclive
1107 2733 1200 2773 erat,
1236 2730 1372 2778 quibus
1400 2730 1552 2774 abunde
1578 2714 1690 2769 villa
1700 2728 1934 2789 Cephisiana

330 2780 516 2821 instructa
544 2789 655 2823 esset.
687 2785 786 2824 Gell.
815 2788 865 2825 N.
894 2790 941 2826 A.
969 2789 987 2826 I
1015 2788 1050 2825 2.
