1982 3256
189 223 269 266 236
743 216 1002 261 Epigrammata
1026 213 1243 258 sepulcralia.

296 346 306 371 1
341 334 403 372 vel
436 344 467 370 11
499 329 652 369 saeculi.
681 350 727 356 —
758 329 780 365 3
808 337 978 364 Teme-rm
1011 324 1169 363 Wilam.
1205 333 1372 361 ηειΡΕτΑι
1405 322 1546 360 Maffei.
1581 343 1628 350 —
1667 321 1709 359 11
1736 333 1794 371 oq.

189 396 342 435 difficile
369 395 471 432 dictu
498 398 556 430 est
590 403 707 440 quam
739 389 870 438 inepte
897 387 1024 426 Franz
1058 385 1290 425 distinxerit.
1319 407 1368 413 —
1394 384 1494 423 Post
1521 396 1556 422 v.
1579 382 1626 421 12
1653 381 1796 433 apode-

191 460 244 498 sis
272 459 425 496 videtur
452 454 612 505 periisse
638 452 689 490 ad
715 451 889 503 protasin
918 442 1003 494 ζωδν
1030 449 1096 502 μέν
1123 462 1158 487 v.
1178 449 1200 485 7
1229 447 1440 486 referenda.

192 642 284 680 581.
338 641 495 679 Romae.
556 638 599 678 G.
634 638 663 677 Ι.
691 637 794 676 Add.
821 636 879 675 111
906 635 1006 675 6687
1023 635 1060 673 b.

537 752 700 762 .....
728 724 785 760 ius
811 721 989 760 Euandri
1015 718 1202 769 laberius)
1231 718 1445 768 Satur(us).

391 803 532 862 Ῥώμη
564 806 639 847 καὶ
670 801 833 861 ξε]ίνωι
865 799 1011 859 κούφη
1043 801 1187 851 πέλεν,
1224 798 1248 858 ἥ
1279 815 1327 843 σε
1356 797 1556 856 μάκαιρα

517 871 691 915 ἐσθλῶν
720 868 803 926 εἰ]ς
836 864 958 912 οἶκον
989 868 1239 911 δεσποτέων
1268 863 1415 908 ἔθετο.

391 937 431 982 εἰ
461 937 696 996 φθιμένην,
728 937 834 991 ξένε,
865 935 1034 991 πί]στιν
1065 930 1172 991 ὁρᾷς
1202 929 1417 988 Σατύροιο
1452 927 1677 984 θανόντος,

515 1001 612 1046 ἄλλ’
645 999 787 1059 σ’ὑπω]
822 1000 971 1052 πίστις
1001 1002 1081 1058 σῆς
1112 1000 1272 1044 κατέδυ
1300 997 1488 1048 πόλεως.

298 1109 308 1135 1
337 1097 397 1136 vel
424 1108 455 1135 11
483 1095 636 1134 saeculi.
662 1117 712 1124 —
739 1092 894 1132 Franzii
920 1097 958 1130 et
983 1091 1099 1130 Keilii
1127 1090 1404 1141 supplementis
1431 1101 1519 1127 mea
1544 1086 1722 1139 praetuli.

195 1282 293 1321 582.
348 1281 507 1320 Romae,
563 1279 605 1319 C.
633 1279 664 1317 Ι.
693 1277 805 1318 6268.

297 1378 473 1416 Atimetus
499 1375 690 1425 Pamphili
720 1373 778 1411 Ti.
810 1373 980 1412 Caesaris
1006 1371 1104 1421 Auy.
1139 1371 1290 1420 l(iberti)
1325 1368 1509 1420 laberius)
1537 1366 1796 1405 Anterotianus

197 1441 265 1478 sibi
292 1447 323 1478 et
352 1440 530 1477 Claudiae
556 1438 788 1475 Homonoeae
814 1435 1029 1473 conlibertae
1055 1440 1087 1471 et
1115 1433 1373 1471 contubernali.
1498 1434 1508 1438 ‘

394 1518 452 1562 ‘H
481 1520 596 1563 πολὺ
624 1514 844 1574 Σειρήνων
873 1516 1160 1572 λιγυρωτέρη,
1194 1511 1219 1571 ἡ
1251 1512 1374 1568 παρὰ
1405 1509 1586 1564 Βάκχωι

520 1586 594 1628 καὶ
625 1586 801 1634 θοίναις
830 1580 966 1639 αὐτῆς
992 1581 1234 1639 χρυσοτέρη
1267 1578 1510 1636 Κύπριδος,

401 1650 424 1709 ἡ
459 1653 590 1709 λαλίη
622 1647 791 1708 φαιδρή
822 1666 869 1691 τε
897 1649 1137 1702 χελειδονὶς
1165 1645 1257 1690 ἔνθ’
1283 1641 1494 1700 Ὁμόνοια

524 1721 674 1771 κεῖμαι
699 1711 956 1773 Ἀτειμήτωι
986 1713 1225 1770 λειπομένη
1257 1710 1440 1769 δάκρυα,

228 1791 253 1831 5
401 1788 481 1828 τῶι
513 1784 650 1827 πέλον
680 1779 880 1838 ἀσπασίη
910 1782 1042 1837 βαιῆς
1071 1775 1176 1822 ἄπο·
1208 1779 1285 1836 τὴν
1315 1778 1364 1822 δὲ
1393 1775 1611 1834 τοσαύτην

523 1851 691 1905 δαίμων
721 1846 943 1906 ἀπροιδὴς
973 1845 1208 1889 ἑσκέδασεν
1238 1845 1405 1902 φιλίην.

796 1981 800 1986 ,
808 1940 988 1988 permissu
1010 1939 1178 1986 patroni.

302 2063 476 2099 Aetatem
502 2058 659 2097 nomina
684 2032 863 2107 produnt.
890 2077 940 2084 -
960 2054 1059 2094 Sunt
1083 2059 1284 2104 praeterea
1309 2052 1349 2090 in
1375 2051 1507 2090 eodem
1533 2050 1661 2102 lapide
1687 2054 1800 2100 quat-

200 2130 287 2160 tuor
314 2122 593 2172 epigrammata
618 2119 752 2167 latina,
780 2130 942 2168 quorum
967 2116 1134 2167 primum
1162 2115 1266 2166 quod
1293 2114 1343 2153 ad
1361 2113 1559 2152 defunctae
1577 2112 1698 2151 vitam
1717 2123 1802 2162 per-

199 2186 295 2222 tinet
321 2184 393 2222 huc
418 2182 691 2223 transcribam:

525 2267 583 2304 Tu
609 2267 674 2316 qui
697 2276 826 2303 secura
845 2264 1018 2313 procedis
1045 2268 1158 2300 mente
1182 2272 1385 2311 parumper

620 2329 706 2365 siste
730 2327 902 2376 9radum,
931 2336 1080 2375 quaeso,
1105 2324 1286 2374 verbaque
1306 2333 1436 2371 pauca
1463 2322 1550 2370 leqe.

519 2391 584 2427 illa
611 2402 675 2438 eqo
702 2400 795 2438 quae
821 2388 932 2425 elaris
951 2389 1102 2437 fueram
1123 2386 1302 2435 praelata
1322 2384 1459 2433 puellis

623 2452 690 2489 hoe
716 2450 931 2488 Homonoea
959 2449 1061 2486 brevi
1087 2449 1233 2486 condita
1259 2459 1338 2485 sum
1366 2446 1524 2484 tumulo.-

521 2515 578 2551 σαί
596 2515 764 2562 formam
790 2512 945 2560 Paphie,
976 2511 1142 2548 Charites
1169 2509 1323 2548 tribuere
1350 2509 1526 2555 decorem,

626 2587 735 2623 quam
762 2574 895 2612 Pallas
923 2575 1058 2612 cunetis
1086 2573 1226 2610 artibus
1253 2571 1397 2608 erudiit.

521 2637 683 2673 nondum
710 2637 763 2673 bis
792 2637 902 2673 denos
930 2642 1030 2673 aetas
1056 2647 1136 2673 mea
1162 2634 1306 2672 viderat
1331 2643 1461 2678 annos,

628 2700 780 2735 iniecere
806 2709 936 2734 marius
965 2698 1092 2734 invida
1109 2698 1201 2745 sata
1222 2696 1321 2733 mihi.

521 2770 585 2797 uec
608 2771 682 2807 pro
708 2771 763 2796 me
789 2771 925 2807 queror
951 2759 1033 2804 hoo3
1060 2764 1174 2795 morte
1197 2764 1246 2796 est
1263 2757 1350 2794 mihi
1368 2757 1506 2793 tristior
1523 2757 1606 2803 ipsa

541 2833 544 2838 ’
623 2832 766 2858 maeror
793 2820 941 2857 Atimeti
968 2821 1131 2869 ooniuqis
1157 2819 1216 2856 ille
1242 2820 1322 2857 mei.
