1982 3256
204 212 285 254 190
776 212 1034 256 Epigrammata
1061 212 1278 256 sepulcralia.

201 322 303 360 474.
360 323 532 373 Spartae.
587 322 629 360 C.
659 323 686 362 1.
722 322 828 361 1488.

316 403 503 462 Μητρὸς
533 405 606 446 καὶ
637 403 861 461 θυγατρὸς
892 403 1054 455 παιδός
1083 407 1118 446 τ’
1151 403 1216 448 ἔτι
1245 402 1411 460 τύμβος
1442 404 1506 449 ὅδ’
1542 403 1668 463 εἶμ[ι’,

426 469 469 513 οἶ
501 470 633 524 λάχον
665 466 854 527 ὠκίστην
885 466 1087 526 ἀτραπὸν
1117 469 1181 522 εἶς
1204 467 1366 529 Ἀίδην·
1648 467 1651 471 ’

317 530 376 578 ὧν
405 535 428 579 ὁ
458 537 538 591 μὲν
569 537 613 580 ἐν
643 534 872 593 κούροισιν
893 533 1133 594 Ἀλεξάνωρ
1164 537 1380 589 ἐκαλεῖτο,

429 597 453 660 ἢ
485 604 522 646 δ’
550 600 731 660 Ὑγίεια,
764 601 907 659 γάμου
933 601 1134 662 πρόσθεν
1165 602 1472 662 ἀποφθιμένη·

316 666 466 727 ἄρρενι
498 671 535 712 δ’
569 666 714 728 ἠιθέῳ
746 669 954 729 παιδείην
986 666 1139 715 ὤπασε
1163 674 1344 722 Μοῦσα,

429 731 479 794 ἢν
503 733 651 795 Ἀίδης
681 735 908 793 φθονερὸς
938 735 1148 794 νόσφισεν
1179 735 1435 792 αὐξομένου.

316 804 391 847 καὶ
420 802 566 862 μήτηρ
595 804 674 858 μὲν
704 801 793 857 ἔχει
824 804 991 854 παῖδας
1023 801 1115 854 δύο,
1146 805 1308 863 τρισσὰ
1339 805 1388 848 δὲ
1418 807 1565 864 πένθη

425 873 497 913 νῦν
527 870 672 914 κλαίει
703 871 896 928 γαμέτης
925 865 1096 927 ἄμμιγα
1127 871 1202 914 καὶ
1234 873 1442 930 γενέτη[ς.

304 963 559 1013 Epigramma
585 962 911 1013 elegantissimum
938 973 970 999 11
997 962 1076 1000 fere
1103 963 1263 1010 saeculi3
1290 963 1438 1002 litterae
1465 974 1563 1003 εεΩ.
1591 986 1641 992 —
1674 965 1687 1001 l
1719 964 1812 1002 olim

203 1023 255 1064 ἔπι
283 1026 529 1064 coniciebam.

202 1208 300 1249 475.
355 1210 529 1262 Spartae.
584 1212 709 1249 Lebas
737 1210 775 1248 ΙΙ
803 1210 873 1249 211
905 1212 942 1250 d.

321 1293 508 1349 Τριόιλε,
535 1297 675 1350 χαῖρε,
710 1291 859 1347 καμὼν
890 1292 1060 1350 πολλὴν
1092 1290 1289 1350 άτροπὸν
1315 1292 1439 1347 χθόν’
1472 1293 1535 1337 ἀν’
1567 1292 1739 1353 ἀνδρῶν

316 1360 391 1401 καὶ
422 1355 586 1402 πόντου
617 1357 815 1410 σπεύσας
845 1361 1001 1416 συνεχῆ
1031 1359 1165 1402 συκνόι
1195 1360 1368 1413 κύματα
1399 1361 1602 1411 πλεῦσαι,

316 1423 375 1476 ὡς
403 1425 476 1469 ἵνα
508 1425 582 1470 σοι’
609 1443 652 1468 τι
687 1424 802 1483 Τύχη
834 1423 926 1483 δῴη
958 1425 1093 1469 καλὸν
1122 1426 1331 1483 ἐξαπίνης
1361 1444 1462 1478 που,

317 1489 396 1535 οὐκ
427 1493 583 1547 ἔλαβες
609 1491 737 1548 χάριν
766 1492 814 1534 ἐκ
846 1491 1054 1546 καμάτων
1085 1495 1184 1543 σῶν,
1218 1489 1321 1535 οὐδέ
1352 1510 1399 1536 σε
1431 1499 1536 1550 γαῖα

235 1564 259 1604 5
319 1560 372 1618 σὴ
406 1560 577 1614 κατέχει
607 1556 802 1617 Σπάρτη,
836 1559 951 1602 πολὺ
982 1560 1207 1616 φίλτατος,
1242 1556 1355 1602 ἀλλὰ
1383 1559 1572 1620 Κορώνη

318 1629 372 1683 γῆ
403 1643 452 1670 σε
483 1629 637 1684 κρατεῖ
665 1624 860 1682 τύμβοις,
892 1626 942 1669 τὸ
975 1626 1267 1683 πεπρωμένον
1297 1623 1348 1669 οὗ
1379 1626 1679 1686 προφυγόντα,

317 1691 649 1751 τεσσαράκοντα
677 1690 840 1747 μόνους
870 1690 1061 1751 ζήσαντα
1089 1691 1273 1750 χρόνους
1303 1693 1524 1737 ἐνιαυτῶν.

316 1787 334 1823 1
364 1779 515 1838 ἀτραπόν
541 1785 565 1824 i.
595 1797 631 1834 q.
659 1776 817 1837 ἀτραπόν
843 1796 929 1823 esse
955 1784 1104 1822 monuit
1131 1784 1404 1825 Wflamowitz.

205 1940 306 1978 476.
369 1936 543 1987 Spartae.
602 1936 730 1974 Lebas
763 1936 802 1974 11
837 1936 910 1974 211
945 1949 994 1975 ex
1028 1936 1211 1974 Foucarti
1244 1936 1487 1987 apographo,
1521 1937 1635 1976 aliter
1667 1937 1740 1975 hoc
1771 1938 1811 1975 in

206 2000 487 2041 commentariis
514 1999 626 2036 aliter
652 1999 690 2035 in
709 1999 795 2048 ipsa
822 1998 985 2036 editione
1010 1999 1154 2038 tradito
1161 2013 1172 2046 ;
1200 1998 1246 2036 cf.
1276 1998 1456 2036 Athenaei
1482 2011 1518 2036 v.
1547 1998 1586 2037 II
1612 2000 1672 2037 76.

526 2082 702 2122 Φαῦστε
730 2083 870 2136 χαῖρε,
904 2079 1039 2137 ζήσας
1068 2079 1142 2137 ἔτη
1172 2089 1218 2134 μ.

403 2145 532 2204 Ἁγνὴ
562 2147 640 2201 μὲν
669 2144 814 2204 μήτηρ
844 2163 898 2200 με
929 2146 1168 2200 λοχεύσατο
1201 2151 1306 2197 παῖς
1336 2144 1400 2189 ἔτι
1433 2145 1562 2203 κεόνή

519 2211 699 2270 πρώτας
729 2210 911 2265 ὠδεῖνας
941 2213 1162 2271 ῥηξαμένα
1192 2211 1399 2269 λαγόνων·

412 2283 617 2323 Φαῦστον
644 2281 680 2322 δ’
714 2277 939 2335 ὠνόμασέν
966 2296 1022 2334 με
1054 2278 1200 2337 πατὴρ
1232 2277 1349 2336 ἰδίης
1377 2277 1468 2322 ἀπὸ
1497 2278 1677 2336 μητρός,

518 2347 668 2403 γίνατο
700 2348 736 2389 δ’
770 2344 954 2403 ἠιθέους
981 2347 1219 2404 τηλυγέτην
1249 2362 1295 2389 τε
1325 2343 1473 2403 κόρην.

236 2419 261 2460 5
409 2413 578 2464 πένθος
608 2414 644 2455 δ’
677 2408 774 2456 οὔτι
802 2411 913 2456 ἑκὼν
943 2414 1019 2457 καὶ
1049 2411 1190 2469 λύπην
1220 2414 1342 2455 δῶκα
1370 2411 1572 2471 τεκούσῃ·

516 2483 654 2538 μοῖρα
682 2479 764 2536 γὰρ
796 2477 899 2524 οὐδὲ
930 2480 1058 2538 γονὴν
1088 2475 1305 2537 οὐλομένη
1337 2478 1450 2536 πόρε
1478 2496 1570 2534 μοι,

410 2544 523 2589 ἀλλά
552 2563 606 2600 με
636 2548 819 2603 νηλειῶς
847 2549 1037 2606 τρισσῶν
1068 2544 1265 2605 ἥρπαξεν
1295 2543 1503 2602 ἀδελφῶν

517 2611 683 2670 μητρός
712 2630 758 2656 τε
789 2614 1003 2671 γλυκερῆς
1033 2615 1261 2672 κουριδίης
1288 2615 1323 2654 τ’
1356 2609 1533 2666 ἀλόχου.

294 2705 468 2743 'Infimae
502 2705 638 2741 aetatis
672 2717 825 2742 carmen
858 2705 1016 2742 nimium
1052 2717 1166 2754 quam
1201 2704 1509 2753 incompositum.
1537 2725 1588 2731 —
1614 2704 1637 2740 3
1665 2703 1810 2741 Fausta

205 2767 267 2805 vel
294 2767 482 2804 Faustina
514 2766 586 2803 fuit
619 2767 729 2804 aviae
762 2778 910 2805 nomen.
937 2788 985 2794 —-
1015 2767 1038 2804 5
1075 2767 1199 2804 dolore
1225 2768 1369 2815 quidem
1395 2767 1517 2815 adjeci
1541 2771 1713 2812 matrem,
1747 2766 1811 2802 sed

207 2832 360 2874 invitum
384 2841 471 2866 nam
492 2830 618 2877 fatum
644 2830 682 2865 in
711 2840 826 2866 causa
852 2835 940 2875 erat,
969 2830 1070 2877 quod
1097 2829 1229 2866 liberos
1255 2840 1328 2865 non
1354 2828 1602 2875 relinquerem.
