1982 3256
8 1640 13 1655 Α
4 1582 14 1612 ,μ
0 1458 18 1573 224-au—

26 1524 27 1528 „
20 1349 36 1422 ξφα»,
20 1283 38 1337 *22⁵⁴*

831 273 858 311 1.
891 273 944 308 dis
969 274 1097 310 dieata.
1712 275 1794 319 339

167 396 284 424 nemo
316 397 342 424 a
367 396 410 424 se
435 385 668 437 inpetrabit3
707 398 834 437 neque
859 385 933 425 hoc
958 397 1038 426 non
1064 387 1194 438 inepte
1221 386 1367 426 dictum
1384 387 1479 437 fons
1511 388 1635 426 lacum
1661 384 1795 438 odiam

167 448 332 499 denique
357 447 466 488 lacus
493 449 652 489 minime
678 450 861 489 convenit
887 450 970 489 loco
996 463 1032 488 v.
1053 451 1074 488 3
1091 462 1150 500 sq.
1179 450 1384 500 descripto,
1412 462 1490 502 quo
1519 450 1607 503 quis
1634 464 1684 490 ex
1702 451 1799 491 belli

166 510 367 550 laboribus
401 511 582 562 quiescat.
636 503 749 562 Πλοίξ
782 513 883 551 nihil
917 516 1046 564 potest
1081 524 1165 551 esse
1197 513 1273 551 nisi
1307 513 1443 552 tabula
1476 517 1517 553 et
1542 514 1613 553 hoc
1640 514 1798 564 quidem

166 573 253 612 loco
293 573 426 612 tabula
464 574 746 626 epigrammate
787 576 992 626 inscripta3
1035 575 1212 626 sequitur
1257 588 1472 626 pronomen
1511 577 1655 628 requiri
1694 570 1798 627 τῆνὸε

166 637 403 687 verbumque
427 637 486 676 rei
512 638 624 677 unice
651 643 784 689 aptum
813 636 983 687 ἀνέθηκα
1013 637 1227 676 dedicantis
1254 650 1394 677 nomen
1421 651 1508 677 cum
1534 652 1664 678 rerum
1683 652 1795 678 enar-

165 699 268 738 ratio
294 698 508 738 intercedat
533 714 570 740 v.
591 701 614 739 8
642 700 796 740 demum
823 701 1004 740 adicitur.
1058 697 1198 751 Itaque
1224 700 1458 751 lapidarium
1485 702 1616 753 potius
1644 715 1796 742 errasse

164 761 320 800 credam
346 774 464 814 quam
487 760 686 814 -Toupium
714 776 762 802 ex
790 769 902 815 parte
929 763 1068 802 saltem
1094 768 1196 802 recte
1223 763 1427 815 scripsisse
1453 765 1622 817 negabo:

435 842 491 887 σοὶ
518 843 649 888 πλιίκοι
675 841 774 899 τήνδ’
802 846 969 898 ἀνέθηκε,
997 842 1082 902 κόρη
1111 841 1197 894 Διὸς
1222 842 1452 899 &emko-m,

539 904 634 962 πηγὴ
662 906 861 965 Νυμῲοίων
888 907 1041 965 ἅψθιτε,
1071 913 1175 965 νοῒμοι
1202 907 1318 965 φίλον.

165 993 284 1034 Falso
311 995 407 1034 haec
433 995 619 1035 distincta
644 1009 731 1037 esse
756 1002 868 1049 patet
895 997 1137 1049 quadruplici
1173 997 1234 1036 vel
1268 996 1416 1048 duplici
1443 998 1476 1037 si
1506 997 1630 1038 males
1658 997 1793 1050 adpel-

163 1057 309 1098 latione
343 1071 423 1097 non
454 1064 673 1112 perspecta.
700 1083 751 1090 —
778 1062 801 1100 5
831 1054 1072 1114 Δορῦκνωμοι,
1108 1066 1211 1099 recte
1243 1060 1406 1100 fortasse
1437 1060 1550 1112 Toup
1584 1065 1625 1100 et
1658 1061 1796 1102 Iacobs

163 1113 388 1196 Δοριῖναμιι,
426 1114 655 1175 Δοριῖκαμνοι
689 1123 891 1163 Hermann
926 1123 1059 1174 Opusc.
1086 1123 1123 1161 V
1154 1123 1238 1163 177.
1272 1145 1324 1152 ——
1357 1124 1380 1161 7
1415 1124 1504 1162 haec
1539 1126 1663 1162 omnia
1690 1124 1734 1175 (i.
1762 1138 1795 1164 e.

163 1175 292 1223 πλέκω
319 1190 357 1223 et
387 1185 678 1237 inscriptionem
707 1190 746 1225 et
770 1186 932 1225 relicum
958 1186 1033 1224 loci
1061 1186 1314 1238 adparatum)
1344 1187 1531 1225 laboriosa
1557 1200 1671 1226 manu
1691 1190 1794 1226 tertio

161 1258 262 1284 anno
289 1249 478 1297 adpetente
504 1262 568 1299 eqo
595 1251 661 1288 tibi
681 1249 958 1289 Grammaticus
968 1251 1128 1300 perfeci.
1144 1271 1193 1278 —-
1211 1243 1277 1288 διαί
1289 1249 1617 1301 praepositionem
1636 1250 1795 1290 Boeckh

163 1321 250 1347 cum
275 1309 391 1349 τελέω
418 1310 563 1362 iungit3
591 1313 695 1351 malo
721 1312 894 1351 dativum
922 1325 971 1352 ex
996 1312 1148 1364 plebeio
1175 1325 1248 1351 usu
1274 1312 1454 1363 positum,
1488 1317 1627 1363 putare
1652 1317 1698 1352 ut
1723 1325 1790 1352 su-

161 1383 237 1422 pra
261 1385 301 1411 n.
330 1373 406 1412 539
433 1374 599 1414 vidimus
628 1367 694 1414 σπὶν
721 1366 846 1427 ἡρώων
872 1374 1027 1413 defendi
1053 1375 1242 1425 potuisse.

162 1556 296 1602 *8222
351 1561 501 1601 Romae
526 1561 662 1601 herma
687 1562 860 1602 mutilus.
916 1561 960 1603 G.
988 1562 1019 1603 Ι.
1049 1561 1162 1601 6186.

261 1638 431 1698 ’Ἄλσος
455 1644 538 1702 μὲν
566 1643 782 1698 Μούσαις
812 1643 935 1704 ἱερὸν
965 1644 1066 1702 λέγε
1094 1643 1212 1689 τοῦτ’
1244 1638 1529 1697 ἀνακεῖσθαι,

386 1711 468 1766 τὰς
493 1710 688 1770 βύβλους
718 1713 868 1766 δείξας
895 1713 977 1764 τὰς
1006 1711 1132 1772 παρὰ
1163 1713 1264 1762 ταῖς
1290 1707 1548 1763 πλατάνοις,

277 1777 394 1839 ἡμᾶς
421 1780 472 1826 δὲ
501 1784 730 1840 φρουρεῖν·
762 1776 843 1824 κᾶν
873 1777 1052 1838 γνήσιος
1080 1774 1233 1821 ἐνθάδ’
1265 1777 1456 1836 ἐραστής

387 1844 518 1907 ἔλθῃ,
549 1850 613 1907 τῷ
643 1851 786 1907 κισσῷ
814 1850 972 1892 τοῦτον
999 1845 1322 1902 ἀναστέφομεν.

263 1950 297 1980 11
322 1939 404 1980 fere
429 1940 584 1980 saeculi.
613 1961 664 1970 -—
694 1941 831 1980 Musae
855 1938 996 1990 opinor
1020 1937 1195 1977 Hermen
1222 1937 1461 1978 adlocuntur.

165 2195 274 2238 8:30.
326 2193 537 2237 Anactorii.
593 2195 638 2236 C.
666 2194 695 2234 Ι.
726 2194 826 2233 1794
839 2195 876 2233 b.

701 2275 926 2332 Μαχάτας
958 2270 1180 2336 [ἑ]πὸησε.

369 2346 457 2392 Τὸν
486 2348 601 2399 Διος
625 2342 874 2404 Ἀλκμήνης
900 2361 947 2388 τε
978 2342 1106 2403 γόνον
1135 2346 1337 2400 τιμαῖσιν
1366 2340 1520 2405 ἇέξωνζ

475 2411 574 2466 υἱὸς
601 2413 872 2466 Λασθένεος
903 2406 1062 2469 στῗῖῐεν
1093 2407 1271 2469 ἄγαλμα
1300 2410 1420 2472 τόδε,

361 2480 535 2540 μνίμην
565 2478 795 2525 ἀθάνατον
825 2476 978 2533 σώζων
1007 2476 1179 2538 πατρός
1208 2495 1255 2524 τε
1285 2482 1362 2524 καὶ
1392 2477 1530 2525 αὐτοῦ

475 2545 725 2606 Λαφάνεος
755 2548 914 2604 κλεινᾴυ
943 2545 1122 2599 Λοξίου
1152 2546 1197 2590 ἐν
1226 2548 1411 2603 τεμένει.

262 2639 460 2679 Intellexit
495 2639 654 2678 Boeckh
686 2653 764 2678 non
796 2640 870 2678 huc
903 2639 1096 2690 pertinere
1133 2639 1298 2679 alterum
1327 2641 1481 2679 titulum
1509 2642 1625 2681 simul
1651 2643 1787 2681 inven-

159 2708 241 2741 tum
269 2693 508 2755 [Λε]ωῲσ(νης
536 2702 746 2748 Λασθένεος
768 2701 989 2751 Ἀσκληπιῷ·
1025 2701 1187 2752 ἀνέθηκε.
1216 2698 1411 2758 Μαχαίτας
1439 2699 1582 2755 ἐπόησε,
1617 2705 1683 2743 ubi
1712 2718 1787 2744 non

159 2765 325 2805 debebat
350 2759 549 2819 Λοι]φα’νης
576 2766 779 2818 corrigere.

836 2908 1106 2916 —-—-————--
