1982 3256
253 264 336 308 468
875 233 1135 304 Epigrammata
1162 258 1268 293 varia.

254 379 389 425 poetae
404 386 543 412 nomen
560 371 838 421 praescriptum
862 374 932 415 est,
957 375 1134 420 recteque
1148 369 1323 408 Visconti
1338 369 1565 407 Marcellum
1581 369 1738 409 Sideten
1759 368 1874 408 intel-

254 437 362 484 lexit,
390 437 497 474 cuius
518 438 692 483 superest
718 433 975 482 fragmentum
996 427 1072 484 περὶ
1099 423 1238 484 ἶχθυΙων
1256 433 1377 481 (Poet.
1398 433 1513 471 bucol.
1537 439 1571 470 et
1594 426 1734 470 didam
1750 430 1873 469 Paris.

258 499 387 548 1846).
417 498 597 535 Eundem
612 501 738 534 autem
754 495 914 532 alterum
928 507 1082 545 quoque
1100 507 1253 534 carmen
1276 495 1491 544 scripsisse,
1507 495 1611 544 quod
1619 493 1777 533 Brunck
1798 493 1875 544 ipsi

256 560 406 598 Herodi
432 559 574 606 tribuit,
603 563 706 596 certa
733 561 794 595 est
813 557 1001 596 Viscontii
1028 558 1256 597 coniectura.
1298 556 1402 594 Nam
1428 562 1471 596 ut
1497 560 1649 595 taceam
1667 555 1875 606 ‘utriusque

254 621 432 660 carminis
469 623 591 658 artem
623 620 812 658 rationem
839 620 1009 659 indolem
1035 621 1150 670 plane
1177 619 1379 670 aequales,
1414 619 1480 656 vix
1500 618 1689 658 Herodem
1717 621 1812 669 puto
1841 614 1875 655 si

253 684 335 733 ipse
361 683 550 720 voluisset
575 682 720 732 ingenii
747 682 805 719 sui
839 683 1049 732 periculum
1084 683 1209 720 facere
1244 682 1318 720 sibi
1355 693 1440 719 eam
1477 680 1692 731 argumenti
1726 685 1874 730 partem

254 749 496 795 sumpturum
530 744 669 792 fuisse,
711 757 810 794 quae
851 758 875 782 a
917 745 1052 794 quovis
1086 744 1163 782 alio
1195 744 1355 782 tractari
1387 747 1539 793 posset,
1583 742 1876 781 domesticarum

256 820 383 844 rerum
411 806 613 857 gentisque
642 818 735 844 suae
763 806 1006 844 enarratione
1032 806 1218 845 Marcello
1245 805 1391 844 relicta.
1434 804 1576 856 Neque
1602 804 1759 842 iUorum
1784 816 1875 854 poe-

256 873 383 908 tarum
413 870 478 919 qui
506 869 732 907 Hadrianeo
761 869 913 906 saeculo
940 869 1183 918 pullulabant
1208 881 1291 906 mos
1320 872 1404 906 erat
1422 871 1466 905 ut
1493 868 1587 917 quid
1614 867 1692 916 ipsi
1718 866 1879 917 ingen-io

254 932 424 970 valerent
452 931 551 968 alios
580 931 758 968 celarent.
799 931 934 979 Itaque
961 930 1066 980 quod
1084 930 1257 969 Marcelli
1286 929 1443 968 nomine
1469 929 1695 980 insignitum
1714 932 1775 966 est
1791 940 1872 966 car-

253 1007 340 1032 men
375 993 504 1043 priore
539 993 624 1031 loco
651 993 776 1042 posui.
829 993 1007 1031 Diversis
1043 997 1172 1030 autem
1207 992 1300 1031 locis
1329 991 1468 1029 Clarae
1500 991 1694 1029 intellexit
1725 989 1875 1040 lapides

254 1055 400 1105 positos
427 1054 566 1103 fuisse,
603 1067 764 1104 quorum
792 1054 928 1092 titulos
962 1055 1071 1092 nulla
1098 1067 1225 1093 rerum
1259 1053 1543 1092 necessitudine
1575 1053 1676 1091 inter
1708 1065 1752 1093 se
1785 1066 1874 1091 con-

253 1118 405 1155 iunctos
442 1129 525 1155 esse
560 1117 730 1166 adparet.
789 1116 924 1155 Vicina
956 1117 1100 1154 fuerint
1126 1117 1324 1154 Minervae
1358 1115 1616 1166 Nemesisque
1650 1121 1688 1153 et
1725 1114 1874 1162 Cereris

254 1179 538 1229 Faustinaeque
565 1179 673 1227 fana,
709 1179 766 1217 ita
801 1183 929 1216 tamen
955 1185 997 1216 ut
1024 1179 1235 1230 Triopeum
1262 1178 1493 1229 ingredienti
1522 1177 1682 1216 alterum
1715 1178 1874 1230 propius

253 1247 365 1280 esset.
380 1264 430 1270 -—
450 1242 471 1279 3
491 1242 623 1279 Annia
649 1241 804 1292 'Regilla
830 1241 951 1292 Appii
980 1241 1094 1279 Annii
1123 1240 1234 1278 Atilii
1261 1240 1438 1279 Braduae
1465 1241 1559 1290 (cos.
1588 1254 1623 1280 a.
1645 1230 1737 1291 160)
1765 1235 1876 1279 soror

255 1308 358 1352 erat,
394 1316 556 1353 quorum
590 1316 638 1340 ex
676 1304 896 1342 nominibus
922 1304 1065 1341 frustra
1091 1303 1356 1354 cognationem
1384 1304 1432 1341 ab
1450 1303 1547 1353 ipsis
1566 1302 1672 1342 Iuliis
1690 1303 1873 1341 Aeneave

254 1366 463 1404 ducendam
494 1366 885 1415 quaesiveruntyillo
912 1365 1016 1403 enim
1042 1370 1213 1416 tempore
1241 1379 1373 1405 omnes
1391 1365 1562 1404 Romani
1589 1366 1789 1403 Aeneadae
1807 1378 1874 1403 vo-

253 1429 438 1466 cabantur
471 1428 616 1478 poetis,
652 1428 698 1466 cf.
734 1440 852 1478 supra
878 1429 928 1467 ad
954 1442 991 1466 n.
1012 1428 1099 1475 272,
1114 1430 1148 1469 5.
1177 1452 1227 1457 —
1256 1429 1279 1466 6
1311 1429 1478 1467 Cererem
1511 1441 1645 1466 novam
1679 1432 1783 1466 recte
1816 1427 1874 1465 in-

253 1490 481 1527 tellexerunt
505 1490 749 1536 Faustinam,
777 1503 902 1540 neque
929 1497 1018 1540 post
1044 1490 1186 1542 Heysei
1209 1490 1378 1538 ‘calculos
1397 1504 1420 1528 a
1438 1490 1603 1528 Franzio
1622 1490 1874 1528 confirmatos

254 1557 462 1601 auctosque
497 1552 658 1590 dubium
692 1565 775 1590 esse
810 1558 938 1602 potest
973 1554 1064 1603 quin
1092 1553 1276 1591 Faustina
1311 1553 1433 1591 maior
1459 1552 1644 1591 Antonini
1678 1552 1746 1596 Pii
1777 1565 1874 1590 uxor

255 1614 503 1664 significetur,
531 1626 630 1664 quae
657 1614 775 1652 etiam
801 1614 841 1651 in
867 1615 1034 1652 nummis
1063 1616 1218 1665 saepius
1248 1614 1397 1654 Cereris
1425 1615 1553 1665 specie
1585 1614 1715 1653 utitur.
1763 1612 1871 1653 Nam

255 1681 296 1713 ut
330 1676 497 1714 breviter
523 1676 739 1726 conplectar
767 1689 864 1726 quae
891 1677 966 1715 huc
991 1677 1148 1726 faciunt,
1175 1677 1365 1727 Regillam
1385 1689 1500 1727 quam
1521 1682 1609 1727 post
1636 1675 1766 1715 fratris
1784 1688 1873 1714 con-

257 1738 425 1776 sulatum
446 1738 499 1788 (a.
522 1738 612 1788 160)
633 1738 775 1776 obiisse
802 1751 851 1776 ex
869 1739 1110 1779 Philostrato
1130 1744 1291 1788 constat,
1320 1744 1407 1777 ante
1426 1751 1569 1776 annum
1592 1738 1663 1777 162
1681 1743 1873 1791 mortuam

256 1813 339 1838 esse
357 1812 518 1838 necesse
536 1805 605 1849 est,
626 1801 659 1838 si
680 1801 834 1850 quidem
853 1801 1070 1839 Antoninus
1089 1801 1192 1850 Pius,
1221 1802 1286 1852 qui
1306 1815 1338 1840 a.
1366 1802 1435 1839 161
1457 1801 1633 1848 decessit,
1659 1800 1808 1840 Herodi
1827 1800 1874 1838 de

255 1863 387 1900 uxoris
428 1869 550 1900 morte
587 1863 757 1913 graviter
792 1863 944 1901 adflicto
981 1863 1110 1901 solatii
1143 1864 1289 1914 aliquid
1322 1864 1516 1902 adlaturus
1543 1864 1716 1902 Atticum
1735 1862 1874 1904 'filium

257 1925 432 1974 patriciis
461 1925 662 1975 adscripsit
687 1925 751 1975 (O.
778 1926 810 1964 Ι.
840 1926 939 1964 6185
967 1925 1054 1965 cell.
1081 1940 1117 1964 v.
1139 1926 1219 1977 28).
1260 1926 1410 1965 Herodi
1437 1940 1523 1965 cum
1549 1925 1756 1977 Triopeum
1782 1937 1873 1964 con-

258 1988 364 2025 deret
399 1988 473 2025 duo
501 1988 612 2025 liberi
639 1994 863 2038 supererant
890 1989 942 2036 (v.
967 1988 1044 2038 16),
1073 2001 1093 2025 e
1120 1988 1257 2038 quibus
1284 1989 1463 2038 Elpinice
1489 1989 1572 2027 filia
1597 1992 1687 2039 post
1711 1993 1872 2027 matrem

259 2053 356 2087 teste
382 2048 632 2097 Philostrato,
660 2050 726 2087 sed
754 2055 842 2087 ante
868 2054 1022 2088 mortua
1048 2057 1107 2088 est
1134 2063 1250 2100 quam
1275 2055 1390 2100 pater
1416 2050 1599 2090 Sirmium
1633 2050 1684 2089 ad
1709 2050 1762 2089 M.
1790 2050 1872 2087 Au-

260 2112 397 2149 relium
425 2112 682 2162 inperatorem
710 2112 1016 2162 proficisceretur
1023 2127 1033 2160 3
1078 2113 1181 2162 quod
1206 2113 1346 2150 factum
1375 2119 1434 2150 est
1452 2126 1486 2151 a.
1508 2114 1593 2151 171.
1636 2112 1682 2152 In
1706 2111 1873 2162 Triopeo

258 2172 382 2222 igitur
409 2174 483 2211 etsi
511 2173 712 2222 aliquanto
739 2180 829 2222 post
855 2174 1031 2225 Regillae
1058 2175 1206 2213 obitum
1232 2181 1359 2212 tamen
1386 2181 1473 2212 ante
1500 2188 1533 2214 a.
1555 2176 1622 2213 171
1640 2174 1873 2212 >constituto

259 2233 466 2272 Faustinae
485 2235 635 2283 minori,
671 2247 770 2284 quae
797 2248 829 2273 a.
855 2236 925 2274 176
946 2237 1030 2274 vita
1047 2237 1218 2284 decessit,
1245 2249 1324 2275 non
1343 2241 1551 2286 potuerunt
1569 2236 1688 2275 divini
1706 2237 1872 2274 honores
1910 2286 1913 2289 Ι

260 2295 412 2343 haberi3
440 2297 612 2347 sequitur
630 2297 858 2335 Faustinam
886 2298 1071 2336 maiorem
1098 2299 1392 2348 intellegendam
1413 2311 1495 2337 esse
1513 2310 1600 2337 cum
1617 2298 1807 2336 Arnaldo.
1834 2319 1871 2326 -—

266 2356 311 2392 10
339 2359 525 2395 sententia
551 2359 613 2396 hic
639 2365 795 2410 coepta,
829 2373 922 2398 mox
949 2360 1025 2399 alio
1053 2360 1224 2410 digressa
1250 2373 1286 2397 V.
1312 2360 1356 2398 19
1371 2374 1456 2411 sqq.
1485 2360 1628 2412 duplici
1661 2360 1769 2399 exitu
1801 2360 1871 2397 ab·

264 2417 424 2455 solvitur
451 2420 516 2456 hoc
542 2421 664 2458 solatii
700 2424 730 2459 ei
764 2423 900 2460 doloris
936 2425 1085 2471 contiyit
1118 2429 1157 2459 ut
1184 2423 1325 2471 Iupiter
1357 2423 1566 2470 defunctam
1602 2423 1655 2459 ad
1686 2422 1872 2460 beatorum

263 2480 361 2516 sedes
382 2483 611 2530 perduceret,
644 2483 785 2521 Caesar
803 2484 903 2521 Iovis
924 2487 1051 2533 *patris
1077 2485 1202 2522 similis
1222 2485 1343 2533 fllium
1370 2487 1497 2522 eximio
1525 2485 1659 2522 honore
1685 2484 1870 2531 adjiceret.

265 2562 320 2592 -v
345 2542 389 2578 17
410 2545 634 2591 priusquam
668 2548 851 2583 senectutis
879 2547 974 2594 fines
1006 2549 1214 2595 attingerem
1255 2549 1358 2584 recte
1391 2546 1581 2584 Martialis
1616 2546 1737 2583 breves
1771 2546 1870 2582 colos

264 2602 461 2639 conferunt
489 2604 569 2652 (IX
598 2606 674 2655 18).
703 2629 749 2635 —
784 2609 827 2646 19
848 2609 897 2645 ad
924 2605 1057 2661 ε’πίηρον
1085 2608 1341 2658 supplendum
1367 2608 1613 2658 participium
1639 2606 1743 2644 velut
1775 2599 1870 2654 δούς,

265 2669 305 2701 ut
331 2664 381 2700 sit
406 2664 505 2701 idem
533 2678 579 2703 ac
604 2663 857 2719 χαρισάμενος.
885 2693 925 2698 -
963 2671 1012 2708 20
1027 2671 1075 2708 cf.
1104 2670 1152 2707 ad
1178 2683 1214 2707 v.
1235 2670 1268 2709 6.
1298 2692 1348 2697 —
1376 2670 1424 2708 23
1444 2671 1574 2708 lunula
1599 2672 1639 2706 in
1667 2669 1767 2706 calce
1794 2669 1871 2706 cal-

267 2728 442 2763 ceamenti
469 2728 635 2774 adposita
666 2729 798 2778 (schol.
830 2733 969 2782 Iuven.)
998 2738 1079 2770 erat
1097 2732 1248 2781 patricii
1267 2722 1502 2770 senatorisve
1518 2731 1678 2781 insigne,
1708 2730 1756 2769 cf.
1775 2729 1870 2768 Phi-

265 2785 373 2824 lostr.
395 2790 457 2826 vit.
480 2788 617 2826 Herod.
633 2802 671 2838 p.
687 2790 760 2828 555
783 2788 986 2846 ἐπισφιίριον
1013 2787 1236 2845 ἐλεφάντινον
1258 2790 1446 2845 μηνοειδές.
1483 2793 1543 2832 Cf.
1558 2791 1634 2831 Th.
1656 2792 1869 2831 Mommsen

266 2848 389 2888 Roem.
408 2849 566 2889 For-sch.
591 2851 621 2899 Ι,
650 2853 716 2901 qui
745 2856 963 2893 coercendis
991 2856 1238 2894 calceamenti
1264 2856 1428 2894 vinculis
1453 2855 1624 2894 lunulam
1649 2857 1869 2905 argenteam
