1982 3256
253 250 335 293 324
826 246 1087 291 Epigrammata
1110 242 1330 278 dedicatoria.

254 361 295 399 in
327 372 404 410 quo
430 358 640 398 Philoxeni
667 356 947 415 epigrammate
974 357 1113 395 mirum
1140 361 1197 395 est
1223 355 1337 406 quod,
1365 367 1451 393 cum
1479 354 1695 395 Salmasius
1723 355 1866 407 Tleposs

256 422 399 460 lemum
434 433 519 458 eum
554 420 631 458 dici
667 418 943 467 intellexisset,
977 419 1041 469 qui
1076 432 1100 457 a
1133 418 1331 456 Pausania
1364 417 1399 456 V
1428 418 1527 466 8,11
1557 418 1703 468 Lycius
1735 430 1874 469 genere
1949 423 1951 425 ’

258 483 520 534 Olympionica
546 481 782 535 nominatur,
815 493 926 519 nemo
969 481 1195 520 foedissimo
1230 480 1385 520 sublato
1414 480 1505 519 vitio
1532 479 1706 519 restituit
1730 477 1872 529 Τληπό-

256 546 368 599 λεμος
389 538 594 596 Λιμυρευᾝς

257 729 388 768 “imi
442 726 609 766 Athenis
635 728 678 767 in
705 741 800 769 arce.
854 728 1009 779 Ephem.
1038 728 1154 767 3723.

793 830 968 891 Ἀγαθῆ
972 849 988 875 ι
1021 832 1177 891 [τύχηι.

532 965 764 1010 Δέσποινα
794 963 994 1016 Παλλάς,
1026 965 1096 1008 τοὶ
1129 962 1253 1022 [τόὸ’,
1283 958 1311 1022 ᾖ
1343 967 1496 1021 σοφῶν
1523 948 1647 1018 μέλει

531 1029 748 1089 φρόνησις
776 1029 946 1088 ἀνδρῶν
975 1033 1049 1075 καὶ
1078 1029 1322 1089 λ[ιθοξόων
1350 1031 1491 1089 τέχνη,

532 1096 593 1154 οὶ]
627 1099 921 1152 καλλιτέχνεις
953 1096 1099 1156 [ἔργον
1130 1092 1286 1155 ἄνδρες
1316 1095 1526 1141 ἅνθεσαν.

531 1191 1035 1200 ——————

367 1281 540 1326 Litterae
567 1279 754 1318 rotundae
781 1289 888 1317 εεω.
903 1301 953 1307 -
967 1278 1206 1318 Sententiam
1234 1279 1408 1318 indicans
1426 1277 1636 1316 Buecheler
1645 1278 1876 1328 praedicari,

265 1343 412 1395 inquit,
445 1343 580 1381 Pallas
607 1343 769 1389 videtur,
802 1335 828 1401 ᾗ
852 1333 1014 1393 φρόνησις
1048 1341 1163 1393 μέλει.
1197 1365 1246 1370 -
1284 1343 1306 1379 3
1340 1342 1388 1379 ab
1421 1340 1530 1378 initio
1564 1351 1632 1378 sex
1663 1339 1878 1378 litterarum

267 1406 439 1457 spatium
466 1409 537 1453 est,
565 1403 671 1454 quod
698 1403 774 1441 nisi
800 1416 978 1442 numeros
1006 1416 1159 1454 pessum
1188 1405 1281 1443 dare
1307 1402 1420 1442 malis
1447 1408 1512 1441 aut
1538 1401 1646 1440 casui
1673 1406 1740 1440 aut
1756 1401 1879 1439 errori

266 1469 422 1507 tribues.
450 1489 500 1495 —
527 1466 710 1504 Virorum
751 1466 910 1504 nomina
948 1478 1035 1503 cum
1077 1466 1177 1517 lapis
1219 1466 1364 1504 inferne
1403 1466 1546 1504 fractus
1579 1464 1631 1503 sit
1663 1463 1880 1513 subscripta

267 1530 387 1570 fuisse
412 1534 585 1581 possunt.

271 1730 371 1770 797.
427 1729 626 1781 Smyrnae.
679 1729 903 1769 Hirschfeld
932 1730 1017 1770 Act.
1045 1732 1154 1770 acad.
1183 1730 1310 1770 Berol.
1346 1731 1432 1767 min.
1462 1728 1560 1767 1875
1586 1740 1625 1779 Ρ.
1644 1726 1680 1765 9.
1709 1725 1752 1768 G.
1782 1725 1879 1766 Gur-

269 1794 348 1832 tius
376 1793 507 1830 ibidem
538 1792 636 1830 1876
662 1804 701 1842 Ρ.
722 1792 807 1831 349.

472 1898 662 1954 Σ]ωτῆρ’
693 1893 946 1954 ἀνθρώπων
969 1892 1272 1954 Ἀσ[κληπιόν,
1304 1889 1489 1954 ἔργων
1461 1909 1704 1950 αμεμπτον,

587 1962 680 2021 σο]ἱ
710 1965 871 2019 φρενὸς
903 1963 948 2014 ἒξ
977 1960 1094 2019 ἰδίης
1124 1962 1324 2019 γράμμα
1353 1961 1446 2005 τόδ’
1477 1957 1716 2019 εὑράμενος

473 2027 782 2087 Πλειστάρχου
811 2027 1034 2083 Δοκιμεὺς
1058 2025 1389 2086 Ἀσκληπιάδης
1417 2025 1655 2085 ἇνέ[θηκεν

590 2097 729 2152 πατρὶ
756 2095 896 2147 τέκος,
930 2093 1079 2138 Παιὰν
1109 2092 1166 2146 ὡς
1196 2094 1463 2152 ἒκ[έ]λευσεν
1493 2089 1614 2146 laag.

303 2168 328 2208 5
354 2181 360 2187 ·
481 2161 667 2221 ἱλήκοις,
701 2157 735 2205 ὦ
773 2165 927 2217 Φοῖβε,
960 2161 1036 2205 σὺν
1066 2157 1166 2204 ὖιέι·
1197 2163 1261 2218 τῷ
1292 2162 1329 2204 δ’
1358 2159 1526 2219 ὑγίειαν

586 2229 751 2287 ὃοίηθ’,
780 2225 992 2285 ὑμετέρην
1020 2224 1338 2284 ὑμνολογοῦντι
1366 2227 1506 2285 χάριν.

376 2354 408 2380 11
434 2343 514 2381 fere
539 2343 692 2381 saeculi.
722 2364 771 2371 —
803 2345 820 2381 1
845 2342 1067 2392 Ἀσκληπιόν
1094 2340 1219 2393 ἰητῆρα.
1247 2341 1413 2385 Curtius,
1448 2340 1517 2390 qui
1541 2353 1579 2378 v.
1595 2339 1618 2377 2
1643 2340 1684 2378 in
1709 2340 1886 2390 pessimis

277 2404 527 2443 Hirschfeldii
575 2405 850 2455 supplementis
895 2405 1104 2455 adquievit.
1146 2425 1197 2431 -
1239 2403 1260 2440 3
1302 2403 1358 2441 sic
1403 2403 1602 2453 intellego:
1649 2402 1888 2452 Aecleffiades

278 2467 443 2515 Asclepii
476 2474 635 2504 statuam
666 2470 784 2516 ipsius
814 2467 974 2504 Paeanis
1009 2468 1110 2504 iussu
1143 2466 1288 2516 (nescio
1321 2465 1542 2516 Apollinem
1581 2464 1801 2515 intellegam
1838 2476 1886 2502 an

280 2527 521 2577 Asclepium)
550 2529 721 2577 Apollini
755 2530 910 2568 dedicat.
972 2527 1077 2566 Nam
1113 2529 1230 2566 verba
1266 2522 1372 2580 πατρὶ
1406 2526 1506 2571 τέκος
1537 2539 1574 2564 v.
1595 2527 1619 2563 4
1645 2539 1737 2565 cave
1770 2526 1886 2564 inter-

279 2589 442 2637 preteris
476 2590 647 2639 Asclepio
688 2592 936 2641 Asclepiades.
997 2590 1160 2628 Videtur
1193 2596 1320 2628 autem
1354 2602 1422 2640 per
1456 2588 1646 2627 somnium
1685 2588 1778 2626 deus
1816 2588 1888 2624 hoc

280 2650 449 2688 iussisse.
478 2673 526 2679 —
556 2653 578 2688 5
593 2664 650 2702 sq.
678 2654 847 2692 editores
875 2653 971 2690 nihil
998 2653 1283 2692 intellexerunt.

949 2827 1217 2835 ——-..-
