1994 3256
243 226 325 268 684

245 337 474 376 Graecorum
495 342 533 376 et
547 339 808 376 Romanorum
829 338 1045 376 nominibus

293 413 425 437 omnes
439 401 576 449 inperii
589 405 722 450 gentes
737 401 1047 451 conprehendun-

293 467 357 500 tur
391 461 514 510 2725.
550 463 651 500 Add.
686 463 793 500 888a
809 462 843 500 2.
877 463 925 501 V.
954 475 985 500 s.
1012 476 1049 500 v.

294 524 462 573 Europa.
502 547 552 552 —
597 524 835 563 Graecorum
879 536 989 563 sacra
1028 538 1052 562 a

293 585 450 622 Ioviano
478 598 612 624 eversa
642 588 790 635 1060‚3.

243 647 515 695 grammaticus
545 649 631 686 402.
661 651 748 688 534.
777 649 863 688 538.

244 710 445 758 gymnasia
486 711 672 748 maiorum
714 715 807 750 natu
842 715 880 749 et
919 710 1050 749 adule-

294 771 550 810 scentulorum
579 781 759 823 separata
787 773 910 821 223‚7.

1011 227 1155 262 indices.

1169 339 1278 377 1105.
1313 338 1543 378 Homereum
1576 339 1680 389 apud
1705 338 1825 379 Chios
1854 351 1924 390 gy-

1167 401 1356 439 mnasium
1373 402 1496 448 860,4.
1522 401 1804 440 homericarum
1815 399 1924 440 fabu-
1992 401 1994 403 ’

1168 464 1291 502 larum
1319 470 1426 502 actor
1455 464 1523 502 101
1542 464 1630 503 adn.

1118 589 1296 627 inaurata
1321 589 1450 639 imago
1479 588 1604 636 804,1.
1883 638 1886 643 ⁴

1117 651 1345 689 indicativus
1385 657 1473 701 post
1510 643 1546 696 ἔς
1586 665 1645 689 κεν
1677 643 1758 700 (εἴν)
1798 649 1924 696 333,2.

1171 714 1294 760 884,6.
1336 719 1425 763 post
1463 707 1560 764 ὄφρα
1597 707 1638 750 ἐίν
1670 711 1796 760 406,8.
1836 715 1928 761 post

1169 770 1254 814 ὅταν
1281 776 1404 821 387,8.
1433 783 1522 825 post
1545 773 1601 813 ‘sva
1627 773 1744 812 finale
1773 772 1943 821 1096‚6.·

242 827 334 881 ’γυνή
360 846 405 871 ea
433 846 532 883 quae
558 837 710 885 peperit
739 840 898 874 vocatur
924 836 1048 883 505‚3.
1117 839 1376 888 inperatorum
1405 836 1569 887 epistula
1595 835 1721 884 407‚9.
1759 830 1762 835 ’

244 957 377 995 Hades
422 960 614 1009 corrumpi
655 973 729 997 non
770 965 897 1010 potest
940 961 1049 1008 141,3

294 1019 339 1056 cf.
369 1033 403 1058 v.
434 1020 469 1058 6.

243 1081 464 1120 Hadrianus
505 1087 620 1132 poeta
660 1085 746 1123 811.
792 1072 900 1122 1089.
946 1083 1050 1124 Add.

296 1144 396 1181 888a
406 1145 428 1182 5
436 1160 447 1192 3
464 1146 543 1183 eius
558 1146 631 1182 iter
646 1147 865 1197 aegyptium
882 1147 955 1184 988
966 1159 1051 1196 sqq.

243 1206 507 1256 Harpocrates
536 1207 711 1246 biformis
740 1208 864 1257 8332.

245 1268 446 1319 Harpyiae
474 1269 616 1307 liberos
643 1271 797 1320 rapiunt
827 1271 1004 1316 1046‚14.

247 1329 428 1369 Hectoris
455 1331 614 1369 heroum
642 1333 744 1382 apud
762 1333 920 1371 Ilienses
943 1333 1053 1371 1080.

243 1391 433 1430 Hercules
453 1395 500 1431 ab
519 1394 629 1431 initio
648 1394 815 1433 Alcaeus
834 1395 1053 1432 nominatus

300 1454 396 1492 1082
407 1468 441 1492 a.
471 1451 580 1504 Δίκης
601 1450 706 1500 &mig
725 1450 800 1501 υἱός
820 1457 944 1504 831,7.
973 1457 1054 1494 eius

293 1517 446 1555 labores
485 1529 545 1554 ΧΗ
587 1519 713 1565 863,7.
757 1531 843 1556 cum
883 1519 1054 1569 parergis

298 1579 408 1618 1082.
454 1580 606 1617 labores
648 1581 687 1617 in
732 1581 868 1630 poculo
914 1581 1055 1618 caelati

297 1641 382 1678 831.
412 1640 594 1680 Hercules
615 1641 742 1693 ἀρετῆς
771 1634 874 1695 ὃστῆρ
902 1644 1053 1691 831,13.

294 1703 375 1740 eius
404 1715 566 1742 coronas
593 1716 795 1755 superasse
825 1705 963 1754 aliquis
991 1705 1055 1743 di-

294 1765 394 1803 citur
421 1766 507 1804 894.

242 1829 397 1866 hermae
429 1833 630 1878 poetarum
658 1828 695 1865 in
731 1828 960 1866 bibliotheca
986 1841 1053 1877 po-

294 1891 357 1928 siti
389 1891 484 1928 1084
495 1903 552 1940 sq.

243 1952 419 1990 Herodes
448 1954 574 2002 linqua
602 1952 830 1990 Athenarum
860 1952 1035 2000 1046‚37.

242 2014 401 2052 heroum
437 2020 545 2052 vetus
578 2015 672 2053 data
712 2015 912 2052 occasione
944 2014 1053 2052 resti-

292 2082 414 2113 tutum
443 2076 528 2115 790.

244 2138 369 2176 Herse
388 2139 581 2177 Pandrosi
607 2143 738 2188 partes
765 2138 849 2189 agit
879 2139 1050 2186 1046,32.

295 2201 345 2238 54
359 2201 444 2238 adn.

244 2264 520 2313 hierophantae
571 2275 711 2300 nomen
763 2267 912 2300 tacetur
965 2262 1052 2301 862.

297 2327 383 2364 863.
418 2326 556 2362 dicitur
589 2325 706 2363 maris
732 2325 883 2375 gurgite
909 2324 1050 2362 inmer-

297 2399 382 2424 sum
411 2388 535 2435 863,4.

245 2449 383 2486 histrio
412 2449 576 2486 comicus
605 2449 678 2487 604
690 2461 747 2498 sq.

245 2511 441 2548 Horarum
469 2511 507 2547 in
528 2510 741 2560 Olympum
766 2510 910 2548 reditus
941 2511 1051 2548 1110.

245 2572 363 2609 horae
382 2573 706 2610 antemeridianae
725 2572 860 2620 labori,
881 2572 1052 2621 reliquae

296 2633 414 2681 quieti
443 2633 590 2671 dandae
623 2634 730 2671 1122.

246 2694 402 2735 Homeri
431 2701 467 2731 et
492 2696 695 2733 Menandri
730 2695 883 2733 hermae
910 2708 958 2732 ex
985 2695 1054 2733 ad-

297 2770 410 2796 verso
444 2757 562 2807 positi
594 2758 689 2795 1084
701 2769 758 2806 sq.
792 2757 954 2795 Homeri
981 2769 1053 2806 pa-

297 2821 373 2860 tria
395 2819 529 2868 1084,5
539 2831 595 2869 sq.
622 2819 858 2869 piscatorum
876 2819 1054 2869 aenigma

1117 901 1281 951 insignia
1325 903 1476 937 mutant
1523 897 1695 936 Bacchus
1740 901 1781 936 et
1830 896 1926 937 Ter-

1170 962 1343 1011 psichore
1371 962 1458 999 788.

1118 1024 1436 1074 interpolationes
1467 1022 1645 1073 lapidarii
1676 1020 1926 1070 loma-15.

1171 1086 1427 1124 sacerdotibus
1491 1084 1639 1135 pudicis
1704 1082 1929 1122 tribuendae

1174 1150 1191 1185 1
1197 1149 1305 1196 027,1
1319 1150 1349 1186 1.

1120 1210 1290 1249 invidiae
1315 1210 1439 1248 virtus
1472 1207 1620 1257 lll5,2.
1652 1206 1800 1254 1116,1.

1121 1272 1202 1309 iota
1229 1276 1318 1310 ante
1346 1271 1519 1309 vocalem
1545 1269 1694 1320 epsilon
1719 1260 1863 1306 factum
1889 1267 1929 1304 in

1172 1328 1312 1386 τύμβῳ
1341 1331 1486 1385 εἷνοιλέῳ
1522 1331 1634 1379 594,8
1661 1335 1700 1368 et
1724 1333 1931 1382 Πραιτωρε-

1173 1387 1251 1440 οινᾶς
1281 1396 1405 1443 364,1.
1448 1417 1486 1423 -
1522 1395 1605 1432 iota
1637 1398 1727 1431 ante
1757 1391 1928 1430 vocalem

1173 1458 1417 1496 consonantis
1443 1458 1586 1496 instar:
1623 1448 1839 1507 συμφωνίαν
1861 1453 1931 1492 tri·
1988 1487 1990 1489 ,

1173 1521 1367 1570 syllabum
1396 1519 1520 1565 560,6.
1547 1555 1551 1557 Α

1122 1582 1196 1620 Isis
1215 1594 1331 1631 super
1348 1581 1467 1619 maris
1486 1579 1600 1618 undis
1614 1585 1718 1625 nata,
1738 1578 1787 1616 ab
1802 1577 1931 1615 Erebo

1173 1645 1329 1692 nutrita,
1357 1644 1452 1681 caeli
1479 1649 1604 1680 terrae
1629 1641 1750 1680 maris
1777 1639 1933 1678 domina

1177 1707 1314 1755 1029,6
1331 1719 1415 1757 sqq.
1476 1704 1610 1743 mundi
1668 1700 1931 1741 conservatrix

1174 1769 1300 1817 985,4.
1342 1769 1472 1806 lunam
1513 1765 1638 1816 capite
1670 1763 1796 1802 ferens
1829 1762 1929 1803 Add.

1174 1830 1328 1876 874a23
1370 1830 1450 1867 eius
1477 1840 1623 1879 pompa
1649 1826 1800 1874 981‚10.
1855 1824 1930 1863 Isis

1174 1892 1278 1942 apud
1305 1891 1476 1930 Andrios
1509 1890 1615 1927 culta
1645 1886 1740 1927 1028
1767 1899 1806 1937 p.
1834 1887 1929 1933 4403

1173 1954 1310 2004 hymni
1336 1953 1443 1991 isiaci
1465 1951 1617 2001 publice
1634 1949 1807 1999 inscripti
1826 1948 1931 1998 apud

1173 2015 1358 2063 Andrios,
1374 2011 1808 2063 Memphitas(1028,4),
1825 2009 1926 2048 Ietas
1990 2015 1992 2018 ’

1175 2076 1388 2127 (cflpraef.)
1404 2076 1496 2115 ibid.
1524 2074 1637 2112 Isiaci
1665 2067 1764 2121 λα”γοι
1791 2067 1874 2124 ispo(
1894 2077 1931 2109 et

1174 2133 1338 2190 δημόσιοι
1365 2138 1652 2186 distinguuntur
1681 2133 1856 2182 1028310.
1875 2133 1929 2171 le-
1984 2176 1987 2179 y

1174 2212 1240 2250 ges
1279 2199 1500 2237 indelebiles
1543 2197 1720 2242 1028,20.
1779 2195 1856 2239 Isis
1894 2194 1951 2232 et'

1152 2262 1300 2309 (Osiris
1333 2262 1469 2300 eadem
1501 2263 1627 2298 matre
1652 2258 1737 2297 nati
1765 2256 1929 2305 1028,16

1173 2325 1262 2362 adn.
1308 2325 1383 2362 Isis
1410 2323 1596 2361 mundum
1622 2319 1810 2370 disposuit
1835 2318 1928 2356 ibid.

1175 2387 1269 2424 27-
1277 2387 1338 2424 34.
1357 2384 1613 2436 navigationis
1626 2381 1823 2421 inventrix
1835 2380 1928 2419 ibid.

1176 2450 1235 2486 34.
1264 2449 1312 2487 55
1323 2460 1407 2497 sqq.
1436 2447 1609 2485 victimas
1635 2445 1823 2482 humanas
1840 2455 1928 2493 pro·
1992 2471 1994 2475 .

1133 2562 1136 2566 q
1172 2509 1294 2547 hibuit
1320 2509 1415 2547 ibid.
1432 2510 1480 2546 45
1490 2509 1576 2547 adn.
1586 2506 1746 2545 ‹insulas
1763 2516 1813 2543 ex
1829 2503 1930 2542 mari

1174 2572 1301 2609 evexit
1325 2572 1375 2608 ib.
1403 2572 1463 2608 70.
1493 2569 1670 2620 superbis
1696 2567 1851 2605 inimica
1876 2567 1928 2604 ib.

1175 2633 1235 2672 79.
1264 2639 1416 2682 praeest
1448 2632 1595 2682 nuptiis
1626 2631 1678 2668 ib.
1706 2629 1766 2669 37.
1800 2627 1930 2666 liberis
1968 2653 1991 2674 ψ,

1173 2699 1212 2733 et
1252 2693 1455 2732 nascendis
1496 2697 1535 2730 et
1567 2691 1776 2730 educandis
1802 2690 1853 2730 ib.
1878 2690 1928 2728 38
1972 2686 1994 2743 ᾖ,

1174 2769 1259 2806 sqq.
1289 2755 1392 2805 agris
1419 2754 1589 2792 colendis
1615 2753 1668 2791 ib.
1698 2752 1758 2791 77.

1119 2819 1193 2857 iter
1250 2831 1299 2856 ex
1355 2821 1469 2868 portu
1525 2814 1814 2854 Atheniensium
1875 2813 1926 2851 ad
1967 2800 1994 2834 '¹'
