1982 3256
300 236 382 279 292
852 230 1112 277 Epigrammata
1136 230 1359 276 sepulcralia.

292 349 460 396 facerem
487 346 588 396 quod
610 356 709 382 nunc
727 345 849 392 facio,
877 349 921 380 ut
943 343 1009 381 tibi
1039 345 1256 381 monumenta·
1286 343 1428 381 titulum
1447 353 1633 391 ponerem
1660 363 1711 371 —
1737 340 1762 380 2
1787 351 1908 380 ΒΑῙΑΝ

299 421 360 449 on
388 422 485 448 corr.
515 407 676 453 Gorius;
713 407 814 444 cuius
846 405 963 443 morbi
995 412 1028 443 te
1061 413 1210 444 auctore
1243 406 1356 444 habui
1382 407 1682 455 experimentum,
1717 403 1745 445 i.
1772 417 1805 444 e.
1831 410 1914 444 tuus

299 476 339 511 in
364 485 419 511 me
446 470 591 509 morbus
618 470 776 506 transiit.
805 489 854 496 —
883 468 905 505 3
931 459 1053 519 χάριν,
1093 458 1115 516 ἦ
1150 467 1184 505 τ’
1218 467 1413 518 corrigunt
1438 467 1575 506 vitium
1599 466 1694 506 vitio
1719 466 1913 520 expellen-

300 538 379 581 tes3
406 546 495 572 nam
521 531 590 583 ῥέω
618 531 725 570 verbi
751 530 948 568 transitivi
966 529 1116 567 nullum
1142 530 1298 568 omnino
1325 534 1430 568 extat
1457 528 1686 579 exemplum.
1723 528 1914 580 Equidem

300 596 542 646 Agathonem
567 597 661 644 puto
688 606 737 631 ex
763 591 891 643 plebei
919 591 1104 630 sermonis
1132 591 1403 630 consuetudine
1437 591 1588 630 casibus
1619 591 1718 630 inter
1750 603 1792 631 se
1823 599 1925 631 con-'

298 657 395 711 fusis
422 656 664 695 accusativos
693 650 882 694 ἀντίτυπον
907 648 1044 706 χοίριτοι
1069 653 1249 703 posuisse
1274 666 1344 704 pro
1363 653 1628 693 nominativis:
1657 655 1758 692 onim
1784 665 1828 692 ex
1853 665 1910 692 ce-

298 732 346 757 ra
381 719 487 769 (nam
519 719 559 755 in
592 731 679 757 cera
711 717 798 767 ipse
832 716 1058 766 scripserat)
1093 723 1227 765 yratae
1258 719 1454 755 memoriae
1488 717 1741 755 documentum
1773 708 1912 768 (χοίρις)

300 783 460 819 lacrimis
498 783 584 819 meis
624 787 808 829 tamquam
845 781 967 827 imayo
1005 778 1196 816 resonabit.
1241 799 1290 805 —
1332 778 1355 816 5
1397 773 1574 831 Τοίρτοισι,
1615 778 1738 817 voluit
1775 778 1914 830 opinor

301 837 503 896 Τάρταρα-ιν
529 842 701 881 dativum
727 841 1005 880 heteroclitum.
1023 862 1073 869 —
1093 839 1138 878 Si
1162 852 1254 889 quae
1283 840 1347 877 tibi
1371 847 1536 879 mortuae
1554 841 1727 890 facultas
1754 846 1807 892 est
1830 851 1912 878 sen·

300 907 411 944 tiendi
436 907 507 943 mei
531 907 570 942 in
597 911 629 942 te
655 904 779 951 studii,
815 905 889 941 iam
916 904 1218 941 animadverteris
1257 915 1311 940 me
1345 902 1410 940 tibi
1439 906 1602 952 qratiam
1633 901 1844 941 exsolvisset
1862 911 1909 930 —'-

300 969 322 1007 7
350 964 402 1013 τίς
427 980 499 1019 pro
526 965 689 1005 relativo
716 965 858 1014 accepi,
887 971 928 1002 ut
954 964 1212 1004 sescentiens:
1241 966 1306 1013 qui
1338 964 1428 1002 haec
1452 966 1608 1014 scripsit,
1635 975 1699 1012 eqo
1724 975 1805 1002 omn
1827 968 1912 1001 tuus

297 1031 370 1077 ille,
399 1036 480 1068 tuus
506 1030 655 1079 sanquis
677 1030 717 1078 (i.
747 1040 775 1067 e.
805 1027 925 1065 eodem
945 1033 1057 1065 tecum
1082 1028 1259 1075 sanquine
1276 1027 1401 1076 natus)
1422 1028 1508 1064 dum
1525 1028 1626 1065 vivis.
1662 1024 1765 1064 Male
1783 1015 1910 1064 Fiant

300 1085 346 1131 ω)
375 1089 407 1131 δ’
439 1091 474 1131 ἐν
501 1093 618 1136 ζῶσιν.
646 1112 693 1119 -
721 1089 746 1127 9
774 1089 960 1128 senarius.

298 1278 423 1317 *72:3.
476 1277 636 1316 Romae.
691 1275 738 1313 In
774 1274 1013 1325 sarcophago
1048 1275 1175 1325 imago
1204 1272 1427 1312 Droseridis
1460 1270 1625 1323 puellae.
1687 1269 1898 1310 Benndorf-

300 1340 472 1380 Schoene
502 1339 672 1388 Calaloy.
700 1338 881 1377 Lateran.
909 1337 996 1376 438.
1050 1336 1092 1376 O.
1121 1336 1152 1374 Ι.
1182 1335 1281 1375 6223
1300 1337 1334 1376 b.

414 1424 493 1474 Τίς
512 1420 672 1479 βροτὸς
694 1416 772 1463 οὐκ
795 1417 1026 1475 ἐδάκρυσε,
1051 1416 1119 1461 ὅτι
1140 1417 1191 1461 τὸ
1214 1417 1291 1461 σὸν
1309 1413 1472 1467 κάλλος
1492 1411 1700 1473 ἀπῆλθεν
1721 1412 1762 1466 ig
1781 1411 1907 1472 ἀέρα,

410 1482 462 1546 ’ἢν
491 1485 699 1545 ἥρπασαν
729 1483 820 1529 ἀπὸ
852 1485 1013 1542 γονέων
1040 1488 1199 1543 μοῖραι
1229 1485 1322 1527 κατ’
1355 1481 1553 1540 ἕρείπαν.

519 1554 586 1605 τίς
614 1551 766 1611 ἔζησεν
795 1550 870 1611 ἔτη
900 1547 942 1609 B]
973 1554 1154 1610 μῆ(νας)
1183 1556 1251 1602 ι-α,
1283 1547 1539 1608 ἡμ(έρας)ἶ.

635 1617 797 1676 εὖψύχι
829 1618 1063 1676 Δροσερίς·
1094 1615 1216 1667 osdag
1246 1613 1485 1668 ἀθάνατος.

400 1713 648 1753 Simillimum
681 1717 739 1750 est
776 1711 918 1748 Iuliani
951 1709 1134 1760 Aegyptii
1166 1708 1286 1758 epigr.
1314 1708 1363 1745 A.
1391 1709 1438 1748 P.
1465 1708 1542 1747 VII
1574 1707 1688 1756 599‚5
1719 1702 1773 1753 τίς
1806 1703 1905 1754 λίθος

298 1776 364 1815 οὐκ
396 1768 558 1825 &vino-ev,
598 1766 650 1812 ‘Ar’
686 1768 882 1826 ἐξήρπαξεν
909 1768 1035 1820 ἐκείνην
1069 1765 1234 1823 εὐρυβίης
1263 1766 1391 1818 Ἀίῶης
1425 1763 1546 1822 ἀνδρδς
1578 1768 1642 1808 ἀπ’
1686 1765 1904 1819 ἄγκαλίῶυν,

297 1852 418 1889 eoque
451 1838 546 1876 haec
579 1836 787 1883 similiora,
824 1835 929 1884 quod
966 1834 1167 1882 utriusque
1200 1831 1398 1870 defunctae
1432 1832 1647 1882 pulcritudo
1680 1832 1905 1872 celebratur.

298 1923 345 1928 —
374 1900 398 1938 2
426 1912 476 1938 KA
491 1901 497 1949 1
511 1901 729 1948 τειΜςιηΑΝ
757 1897 868 1935 aliter
900 1896 996 1934 haec
1021 1895 1096 1945 legi
1122 1897 1334 1944 nequeunt3
1359 1894 1450 1932 falsi
1474 1895 1594 1944 igitur
1619 1898 1709 1934 sunt
1737 1895 1804 1944 qui
1821 1894 1905 1933 κατ’

298 1955 434 2000 ἐνωποίν
463 1962 525 2000 vel
559 1958 753 2000 κατένωπα.
787 1959 1034 2008 scripserunt.
1089 1957 1272 1995 Fortasse
1305 1951 1424 2008 ἐρείποι
1460 1956 1541 1994 sive
1567 1951 1669 2009 ἐρίποι
1694 1956 1822 1995 forma
1847 1956 1906 1995 di-

298 2035 411 2061 versa
438 2027 499 2061 est
524 2035 638 2061 sensu
672 2034 749 2060 non
779 2022 929 2060 diverso
955 2032 1028 2070 pro
1055 2014 1169 2070 ἐρίπια,
1195 2019 1220 2056 i.
1249 2031 1280 2058 e.
1308 2030 1436 2067 rape-33
1469 2021 1512 2055 ut
1535 2018 1708 2068 puellm
1734 2019 1782 2058 de
1809 2031 1905 2069 rupe

297 2086 592 2137 praecipitatam
618 2085 759 2135 cogites
787 2082 943 2122 obiisse.

298 2266 397 2308 724.
456 2267 640 2307 Parmam
672 2266 800 2308 Roma
839 2266 1052 2308 advectum.
1113 2263 1174 2306 Ex
1214 2265 1363 2305 schedis
1403 2263 1568 2315 Lopezii
1602 2263 1646 2302 Ο.
1679 2263 1706 2304 Ι.
1743 2263 1841 2303 6747
1867 2264 1903 2303 b.

299 2330 398 2368 Vtor
425 2331 719 2370 adcuratissimo
745 2331 955 2369 Bormanni
982 2337 1139 2380 ectypo,
1175 2329 1280 2379 quod
1306 2333 1478 2378 praestat
1503 2327 1694 2377 integrum
1721 2325 1905 2364 transcri-

298 2393 407 2440 bere3
434 2393 633 2432 restituere
659 2406 737 2431 non
763 2394 899 2432 audeo.

995 2531 1006 2547 ι
1021 2522 1042 2548 Ε
1057 2525 1068 2547 1
1082 2520 1103 2547 E.

842 2581 970 2612 POSSIS

767 2670 853 2696 ονω
888 2657 1080 2712 Τιβουρτ

769 2723 918 2774 κεῖμαι
949 2723 1060 2764 πᾶσι
1091 2719 1172 2777 φιλ

766 2786 930 2839 λείψας
960 2787 1004 2829 ἐν
1034 2787 1202 2844 κλειτῆι

767 2867 1130 2910 ασινοισναρεσας
