1982 3256
279 218 362 261 284
830 213 1091 259 Epigrammata
1114 212 1333 258 sepulcralia.

278 327 379 367 ⁷03.
436 328 598 375 Romae,
626 339 723 364 nunc
749 325 920 364 Parisiis.
977 323 1018 365 C.
1055 325 1086 364 Ι.
1124 325 1238 364 6277.

473 405 945 464 Ἐννεακαιδεκάμηνος
976 405 1060 463 ἐγὼ
1091 409 1243 460 κεῖμαι
1273 406 1396 464 παρὰ
1425 404 1591 464 τύμβῳ,

478 469 527 517 ’ὃν
556 478 680 517 ποιεῖ
710 473 859 532 πατὴρ
891 470 1100 531 Πρόκλος
1130 473 1293 530 -υρίης
1323 469 1413 516 ἀπὸ
1445 471 1586 530 γαίης.

480 534 646 596 οὕνομα
678 542 727 585 δέ·
757 541 851 584 ἐστι
881 536 1086 598 Πρόκλα,
1119 539 1225 596 γαία
1257 539 1419 597 πατρὶς
1447 532 1475 597 ᾗ
1507 537 1798 596 παράκειμαι.

382 645 414 671 11
442 633 504 671 vel
529 644 577 671 111
605 633 759 671 saeculi.
788 654 838 661 -—
870 634 884 670 l
917 635 957 670 et
983 631 1006 669 3
1034 634 1128 669 nota
1153 631 1451 682 praepositionis
1479 623 1581 684 ποιροι
1607 643 1731 670 usum.

279 850 382 888 704.
445 850 647 901 Augustae
686 850 882 889 Emeritae
921 849 1206 889 Lusitanorum.
1271 849 1509 900 Anaglypho
1548 849 1678 888 infans
1718 849 1900 899 adsidens

286 926 383 951 uvas
418 913 585 952 brachiis
622 912 867 963 amplectens.
923 910 968 951 O.
995 912 1027 951 I.
1058 911 1171 951 6805.
1225 912 1289 951 Ex
1324 923 1396 951 suo
1430 917 1567 963 ectypo
1593 910 1783 951 Huebner.
1804 910 1850 951 0.
1869 911 1901 949 I.

280 974 326 1014 L.
356 975 472 1026 Hisp.
501 975 590 1015 562.

451 1055 615 1116 Μήτηρ
644 1073 723 1111 μοι
756 1059 793 1097 Γ
791 1059 937 1115 αιῆνα,
970 1058 1077 1114 παρ’
1110 1055 1236 1114 ἠρίον
1266 1053 1390 1107 ὅστις
1419 1053 1622 1113 ὃδεύε[ις,

547 1119 696 1182 ἤγειρε
728 1120 890 1181 στήλην
922 1122 998 1166 σὺν
1028 1124 1166 1180 πατρὶ
1197 1123 1441 1180 Σωσθενέι,

450 1189 578 1235 πόλλ’
610 1188 987 1250 ὀλοφυρ[οὲ]μενος
1014 1191 1178 1247 μικρῶι
1209 1186 1297 1232 ἔπι·
1330 1184 1381 1246 ἦν
1410 1188 1493 1247 γὰρ
1524 1189 1663 1248 §unffi
1691 1188 1792 1244 μείς

564 1257 754 1314 ἕβδομος
784 1253 837 1301 οὐ
868 1253 1054 1315 πλήρης,
1087 1250 1235 1310 οὔνομ’
1262 1251 1512 1307 Ἰουλιανός.

602 1383 765 1421 Nomine
790 1382 970 1431 Iulianus,
997 1393 1136 1420 menses
1162 1381 1369 1432 exc[e]dere
1397 1386 1534 1431 septem

657 1446 759 1484 haud
785 1446 936 1484 licitum.
964 1444 1113 1482 multum
1129 1444 1237 1493 flevit
1260 1449 1410 1494 uterque
1431 1455 1586 1493 parens.

389 1531 546 1569 Aetatis
573 1530 862 1569 Antoninianae
895 1529 1018 1567 iudice
1054 1527 1281 1576 HuebnerO,
1314 1540 1390 1579 quo
1423 1532 1600 1580 tempore
1632 1527 1754 1568 miror
1786 1528 1906 1567 etiam

282 1594 362 1631 iota
388 1593 519 1632 dativo
547 1594 698 1644 μεικρυῒι
725 1592 896 1630 additum
924 1603 1009 1630 esse
1037 1591 1089 1641 (v.
1111 1591 1165 1641 3).
1192 1613 1242 1620 --
1278 1592 1297 1628 1
1325 1592 1461 1640 Γοιιῆνα.
1488 1593 1526 1629 in
1553 1591 1676 1641 lapide
1701 1597 1749 1629 σει
1775 1590 1905 1630 Hueb-

281 1669 360 1694 ner.
391 1678 440 1684 —
470 1656 492 1693 3
520 1655 766 1706 participium
793 1655 841 1693 ad
869 1654 996 1693 solum
1022 1658 1175 1704 patrem
1200 1653 1366 1692 refertur
1391 1652 1510 1704 idque
1535 1665 1628 1692 casu
1652 1653 1818 1694 diverso.

281 1872 382 1913 705.
448 1874 606 1913 Romae.
671 1873 715 1911 In
759 1872 992 1922 sarcophagi
1025 1871 1255 1924 anaglyphis
1295 1872 1445 1911 iuvenis
1487 1872 1712 1923 exsculptus
1753 1878 1903 1910 ornatus

280 1937 396 1973 viridi
423 1942 590 1985 tempora
610 1937 803 1985 pampino,
831 1947 1014 1973 coronam
1041 1939 1081 1973 et
1107 1934 1263 1973 calicem
1282 1935 1458 1974 manibus
1485 1939 1631 1975 tenens.
1670 1933 1715 1974 G.
1733 1934 1765 1973 Ι.
1788 1934 1902 1973 6286.

484 2020 775 2074 Σατορνεῖνος
806 2016 889 2073 ἐγὼ
922 2014 1233 2074 κικλήσκομαι·
1269 2015 1316 2059 ἐκ
1348 2016 1397 2060 δέ
1425 2033 1481 2070 με
1511 2013 1675 2067 παιδός

482 2081 546 2135 εἰς
577 2081 808 2127 Διονύσου
839 2078 996 2140 ἄγαλμ’
1028 2080 1191 2126 ἔθεσαν
1219 2081 1365 2140 μήτηρ
1395 2100 1442 2127 τε
1474 2083 1622 2141 πατήρ
1650 2100 1711 2127 τε.

384 2176 539 2215 Primus
572 2179 675 2214 recte
710 2174 920 2226 explicavit
964 2174 1067 2213 Ross
1101 2174 1236 2214 Arc-hs.
1270 2174 1361 2224 Auf-
1398 2175 1416 2213 1
1451 2175 1498 2213 51
1541 2174 1668 2214 adnot.
1721 2172 1903 2213 Parentes

281 2250 367 2275 cum
393 2238 433 2275 in
467 2238 568 2276 vivis
602 2241 707 2276 esset
733 2250 894 2288 puerum
920 2237 1091 2287 Dionysi
1123 2237 1250 2287 specie
1282 2237 1460 2276 indutum
1485 2237 1527 2275 in
1555 2230 1688 2287 aliquo
1722 2235 1786 2275 dei
1812 2235 1902 2275 fano

283 2303 505 2350 posuerant,
541 2300 706 2350 ideoque
733 2300 929 2350 personati
956 2298 1096 2338 Bacchi
1123 2298 1330 2349 imaginem
1357 2299 1475 2339 etiam
1503 2297 1746 2350 sarcophago
1758 2299 1902 2338 mortui

283 2361 575 2412 insculpendam
603 2368 839 2401 curaverant.

284 2545 388 2584 ⁷06.
442 2546 662 2596 Aquileiae,
709 2559 811 2585 nunc
844 2546 1028 2586 Venetiae
1060 2547 1131 2585 sub
1164 2551 1340 2597 protome
1372 2544 1533 2584 infantis
1566 2543 1783 2583 monstrosi.
1836 2543 1902 2583 Ex

285 2608 487 2647 Letronnii
515 2608 738 2660 apographo
765 2609 948 2648 Welcker
976 2608 1068 2659 Syll.
1097 2609 1144 2647 91
1156 2607 1187 2645 *.
1223 2607 1285 2646 'In
1313 2606 1356 2647 C.
1385 2607 1415 2647 I.
1445 2620 1523 2647 non
1549 2606 1713 2646 invenio.

494 2689 583 2732 Τὰν
612 2690 792 2747 μορφὰν
824 2693 909 2747 φεῦ
938 2687 1068 2733 τάνδε
1099 2686 1308 2741 Κύδωνος
1336 2688 1540 2747 πλησίον,
1573 2683 1752 2747 ὦνδρες,

600 2753 781 2811 θάμβος
811 2756 971 2800 ἐοῦσαν
999 2753 1104 2811 ὑμῖν
1132 2755 1228 2808 τέξε
1259 2753 1397 2811 δόμος
1427 2756 1652 2800 Γαλατῶν.

710 2822 755 2866 ἐν
784 2819 876 2867 ἔτει
904 2826 985 2869 311
1016 2854 1335 2869 ........
1365 2827 1421 2869 ΙΕ
