1982 3256
1931 14 1938 35 1

281 248 335 290 24
829 246 1091 291 Epigrammata
1117 243 1335 289 sepulcralia.
1937 0 1975 285 ἲ

282 357 354 396 70.
410 357 511 396 Ante
537 368 708 406 maynam
734 355 910 394 Palladis
938 357 1063 393 aedem
1091 354 1289 404 Cyriacus.
1343 353 1386 393 O.
1413 353 1444 391 Ι.
1474 354 1560 393 747.
1851 393 1883 402 ..
1965 322 1978 408 i

605 435 837 488 ΙΙόλυλλος
866 435 1152 480 Πολυλλίόου
1182 431 1437 486 Παιανιεύς.
1735 443 1738 445 ’
1798 444 1800 447 “
1966 409 1979 480 i

458 501 615 549 Εἰκόνα
645 500 762 559 τήνδ’
782 499 974 560 ἀνέθηκε
1003 500 1322 559 Πολύστρατος
1352 497 1488 544 αὑτοῦ
1517 496 1726 558 ἀδελφόν,

548 566 828 627 μνημοσύνην
858 571 1026 626 θνητοῦ
1058 565 1262 622 σώματος
1291 563 1529 611 ἀθάνατον.

384 662 540 701 Boeckh
574 666 690 712 negat
721 660 974 710 sepulcralem
1008 672 1091 698 esse
1124 658 1290 696 titulum.
1343 659 1398 696 At
1425 664 1462 696 et
1489 650 1696 711 μνημοσύνη
1724 659 1807 698 eius
1832 659 1890 698 di-

286 726 382 762 citur
417 725 482 774 qui
516 728 686 762 mortuus
721 726 779 761 est
811 728 848 759 et
875 722 1066 760 adiectiva
1091 715 1217 770 θνητός
1245 724 1283 758 et
1311 713 1493 765 atsa'mog
1519 720 1618 760 inter
1644 733 1686 759 se
1712 721 1891 772 opposita

285 787 437 837 saepius
463 786 503 823 in
529 784 736 834 epitaphiis
762 784 1015 833 reperiuntur,
1043 784 1090 822 cf.
1121 782 1265 822 Simon.
1294 795 1353 832 ep.
1385 782 1456 820 123
1465 782 1509 821 B.

288 954 350 993 71.
404 953 482 993 Sub
508 953 735 1003 Lycabetto.
788 951 888 990 Ross
914 952 1048 990 Bullet.
1077 952 1234 991 archeol.
1266 952 1364 990 1840
1388 965 1429 1002 p.
1451 951 1536 990 104.

448 1031 633 1079 Ἐνθάόε
666 1035 952 1095 [Π]οθοκλῆς
983 1038 1125 1078 κεῖται
1156 1034 1368 1078 πολλοῖσι
1398 1030 1613 1084 ποθεινός

544 1101 619 1144 καὶ
650 1098 848 1158 Σάτυρος
877 1100 974 1152 νέος
1005 1097 1064 1143 ὢν
1093 1098 1214 1154 ἔσχεν
1245 1099 1510 1154 ἐπωνυμίαν.

453 1170 561 1218 παῖς
591 1165 950 1223 ὁ’“Ηρακλείδου,
981 1167 1148 1225 μητρὸς
1179 1167 1227 1210 δὲ
1251 1162 1534 1223 Ἀριαστίδος
1563 1165 1659 1210 ἐστὶ

545 1235 727 1292 mamis
756 1234 805 1278 δέ
835 1230 1139 1290 ἐστι”Εφεσος
1169 1229 1426 1289 κλεινοτάτη
1457 1230 1643 1278 πόλεων.

373 1304 398 1345 5
458 1302 683 1357 θρεφθεὶς
714 1301 811 1344 δ’ἐν
841 1300 972 1354 χθονὶ
999 1301 1124 1357 τῆιδε
1155 1298 1288 1342 θάνεν
1317 1301 1430 1354 μέγα
1460 1301 1588 1355 πῆμα
1619 1300 1816 1357 φίλοω[ι
1858 1315 1871 1338 1

545 1370 619 1424 τῆι
649 1384 695 1411 τε
727 1364 986 1424 κασιγνήτηι
1017 1366 1187 1410 πένθεα
1219 1366 1408 1408 πλεῖστα
1439 1363 1594 1410 λιπών.

752 1433 991 1492 Αριαστίς.
1053 1433 1309 1490 Πυθοκλῆς.

394 1535 435 1561 1v
469 1537 565 1563 saec.
631 1540 646 1563 ο
681 1538 751 1575 pro
786 1540 824 1563 ου
860 1525 1058 1574 scriptum,
1092 1539 1107 1562 ε
1134 1536 1206 1574 pro
1236 1539 1263 1562 ει
1291 1523 1334 1561 in
1360 1522 1522 1576 θρεῲθές
1549 1527 1588 1562 et
1614 1516 1822 1574 κλενοτᾳίτη.
1851 1545 1897 1551 -

298 1585 502 1635 Pythocles
529 1597 624 1634 puer
650 1587 798 1636 Ephesi
825 1592 934 1624 natus
962 1586 1125 1624 Athenis
1152 1586 1252 1624 altus
1279 1592 1316 1623 et
1342 1586 1525 1624 educatus
1551 1589 1627 1633 est3
1654 1598 1795 1629 nomen
1811 1586 1900 1630 sub-

296 1648 486 1697 scriptum
507 1644 695 1698 Ἀριοιστίς
722 1649 755 1685 si
782 1649 924 1686 sororis
952 1653 1022 1696 est,
1048 1655 1158 1699 pater
1183 1653 1394 1698 materque,
1422 1648 1468 1686 εἴ
1481 1647 1629 1696 matris,
1655 1638 1767 1700 pater
1793 1648 1901 1699 prior

294 1709 437 1747 obiisse
463 1709 652 1758 putandus
680 1715 749 1748 est.
803 1712 856 1746 Et
881 1711 1031 1749 dicendi
1060 1717 1097 1748 et
1124 1710 1310 1748 sentiendi
1337 1722 1456 1760 genus
1480 1710 1655 1748 Atticum
1681 1709 1808 1761 prodit
1832 1722 1901 1761 po-

294 1775 411 1808 etam.
442 1792 488 1798 —-
518 1770 541 1807 2
568 1770 667 1808 Ross
695 1771 913 1808 defunctum
941 1785 1027 1810 cum
1053 1785 1148 1823 puer
1175 1777 1275 1810 esset
1302 1771 1498 1821 Satyrum,
1524 1778 1661 1821 postea
1677 1772 1902 1823 Pythoclem

296 1832 534 1871 nominatum
563 1833 772 1880 existimat,
801 1833 904 1881 quod
930 1833 1155 1882 reprobatur
1182 1835 1326 1872 aoristo
1354 1831 1458 1885 ἔσχεν
1485 1847 1520 1871 v.
1540 1833 1576 1872 2.
1616 1823 1805 1874 Vtebatur
1831 1833 1903 1873 Sa.

298 1899 386 1943 tyro
415 1899 667 1944 cognomento
694 1894 821 1932 nescio
840 1906 955 1943 quam
975 1894 1023 1931 ob
1043 1906 1199 1932 causam
1218 1896 1250 1933 ei
1269 1896 1402 1934 indito.
1444 1895 1501 1934 Cf.
1521 1894 1639 1934 Anth.
1658 1897 1759 1947 App.
1778 1895 1838 1934 34.
1853 1917 1903 1924 —

297 1957 319 1993 5
348 1956 519 1994 clausula
545 1956 751 1994 homerica.

298 2140 365 2178 72.
417 2140 513 2178 Loci
540 2140 687 2178 incerti.
741 2140 785 2177 In
812 2153 944 2178 museo
972 2140 1112 2179 Athen.
1141 2140 1261 2179 descr.
1290 2139 1452 2180 cuman.
1481 2141 1624 2180 3391b.

472 2221 735 2279 Φα[ίὸιμσ]ν
774 2218 1126 2278 Ε[ὗ]θυ[γέ]νους
1156 2219 1221 2264 ὅδ’
1240 2219 1327 2275 ἔχει
1356 2219 1500 2278 τάφος
1529 2219 1860 2280 ἆνφικαλύψας.

400 2325 442 2350 1v
470 2325 568 2351 saec.
623 2322 652 2349 0
679 2325 750 2361 pro
779 2323 833 2350 ογ
861 2312 1059 2363 scriptum.
1087 2335 1137 2340 —
1165 2312 1300 2363 Suppl.
1330 2314 1586 2353 Cumanudes.

304 2497 372 2536 73.
425 2497 470 2535 ln
497 2497 647 2536 Piraeo.
704 2496 862 2536 cuman.
891 2496 1003 2534 2961.

461 2575 725 2632 Ἀνθεμίδος
754 2578 856 2622 τόδε
889 2581 1007 2636 σῆμα
1038 2577 1202 2621 κύκλωι
1231 2581 1525 2635 στεφανοῦσιν
1555 2577 1728 2637 ἑταῖροι

622 2646 856 2702 μνημείων,
889 2641 1048 2702 ἀρετῆς
1078 2644 1236 2689 οῧνεκα
1267 2647 1341 2689 καὶ
1372 2638 1540 2702 φιλίας.

403 2736 706 2786 Intellegendum
735 2737 791 2775 sic
817 2736 897 2773 fere
923 2737 1091 2775 videtur:
1112 2739 1227 2786 flores
1256 2744 1286 2775 et
1312 2743 1411 2774 serta
1436 2738 1643 2786 imponwnt,
1677 2743 1908 2775 monumenta

306 2810 400 2848 quae
427 2800 499 2835 sint
527 2805 562 2835 et
586 2801 729 2836 virtutis
758 2800 920 2848 defuncti
945 2804 980 2835 et
1004 2801 1235 2847 superstitum
1262 2801 1455 2837 amicitiae.
1497 2800 1697 2849 στεφανοῦν
1723 2795 1800 2837 τινοί
1827 2797 1906 2850 (vel

305 2860 355 2914 τι)
382 2874 469 2906 τινος
498 2860 685 2900 recentior
711 2866 768 2900 est
794 2863 1004 2908 structura,
1031 2860 1122 2898 huic
1148 2867 1276 2899 tamen
1302 2861 1387 2899 loco
1413 2860 1638 2900 necessaria.
