1982 3256
214 247 295 292 252
770 249 1031 294 Epigrammata
1055 246 1272 291 sepulcralia.

335 359 532 415 ζωούσας
562 358 712 409 ἔλιπες
743 358 825 415 γὰρ
857 354 1060 415 ἀηδόνας,
1093 349 1146 407 ἃς
1169 350 1401 404 ’Λιδωνεύς

187 445 191 449 ’
222 433 276 474 10
453 424 667 471 οὐδέποθ’
700 421 877 483 αἱρήσει
906 427 960 482 τῇ
991 423 1197 482 φθονερῇ
1227 420 1424 480 παλάμῃ.

247 565 287 607 b.
335 562 476 604 Βαιὸν
504 561 584 614 μὲν
612 556 715 603 τόδε
746 562 880 617 σῆμα,
908 558 959 602 τὸ
991 558 1039 601 δὲ
1070 557 1199 608 κλέος
1229 553 1414 614 οὐρανὸν
1441 554 1545 607 ἵκει,

449 625 649 684 Μάξιμε,
680 627 927 683 Πειερίδων
957 625 1052 678 ἕξέο
1084 624 1370 679 λειπομένων·

332 694 527 747 νώνυμον
558 690 662 737 οὗδέ
693 710 740 738 σε
771 696 909 751 μοῖρα
941 694 1177 736 κατέκτανε
1205 690 1495 749 νηλεόθυμος,

451 758 547 804 ἀλλ’
579 760 730 805 ἔλιπεν
761 759 906 820 λήθης
937 776 1138 817 αμμορον
1168 755 1362 816 εῧεπίην.

225 832 274 873 15
336 825 457 880 οἷ’τις
487 825 777 884 αδακρύτοισι
806 829 904 871 τεὸν
935 845 1057 883 παρα
1086 825 1251 881 τι’·μβον
1281 819 1475 880 ἀμείβων

452 893 713 952 οφθαλμοῖς
745 895 921 949 σχεδιόυ
952 895 1152 951 δέρξεται
1184 891 1419 950 &lonast-1722

334 959 490 1021 ὅρκιον
521 963 566 1014 ἐς
596 959 772 1017 δόλιχον
800 960 903 1005 τόδε
935 978 1006 1005 σοι
1038 961 1180 1012 κλέος·
1214 956 1265 1002 οὗ
1296 959 1380 1016 γὰρ
1411 955 1618 1018 ἀπευθής

453 1031 625 1073 κείσεαι
656 1026 905 1080 οὐτιδανοῖς
937 1027 1141 1083 ἰδόμενος
1170 1027 1333 1071 νέκυσι·

338 1097 479 1141 πουλὺ
510 1097 558 1140 δὲ·
590 1097 665 1140 καὶ
693 1099 876 1153 χρυσοῖο
908 1096 984 1140 καὶ
1013 1092 1250 1153 ἠλέκτροιο
1281 1096 1470 1152 φαεινοῦ

227 1170 282 1211 20
452 1162 634 1223 ἓ’(σ)σετ’
666 1161 736 1207 ἀεὶ
769 1163 964 1221 κρέσσων
995 1158 1047 1222 ἢν
1077 1161 1228 1213 ἔλιπες
1258 1160 1426 1205 σελίδα.

327 1259 465 1296 Annus
501 1262 562 1295 est
592 1270 630 1306 p.
652 1257 743 1295 Chr.
771 1269 808 1295 n.
838 1257 907 1303 94,
942 1256 1026 1293 coll.
1062 1254 1264 1294 Censorin.
1300 1256 1344 1292 de
1378 1255 1435 1292 die
1468 1261 1542 1293 nat.
1577 1268 1608 1294 c.
1631 1255 1677 1293 18
1709 1265 1842 1291 rursus

222 1328 343 1359 tamen
371 1333 492 1358 annus
519 1332 679 1368 maynus
700 1332 773 1368 per
796 1318 1024 1368 Capitolinos
1050 1330 1193 1368 aqonas
1220 1324 1364 1367 coeptus
1391 1324 1443 1356 est
1458 1319 1668 1367 diliqentius
1687 1318 1842 1364 servan,

222 1395 382 1433 quorum
408 1395 566 1431 agonum
590 1384 733 1431 primus
761 1394 785 1419 a
803 1381 1016 1418 Domitiano
1043 1383 1228 1419 institutus
1247 1383 1328 1430 fait
1353 1381 1566 1419 duodecimo
1594 1382 1671 1419 eius
1707 1385 1742 1417 et
1760 1378 1841 1416 Ser.

226 1446 390 1482 Cornelii
416 1446 635 1483 Dolabellae
662 1445 851 1482 consulatu
879 1444 931 1494 (a.
948 1444 1036 1494 86);
1073 1443 1173 1493 quod
1210 1446 1402 1481 certamen
1431 1455 1516 1480 cum
1543 1448 1642 1481 teste
1661 1440 1843 1482 Suetonio

225 1508 352 1556 (Dom.
372 1519 402 1546 c.
423 1508 465 1557 4)
495 1507 778 1557 quinquennale
804 1510 924 1555 esset,
960 1506 1115 1545 tertium
1141 1506 1304 1544 lustrum
1343 1505 1396 1555 (v.
1416 1505 1475 1544 tit.
1503 1505 1589 1555 lat.)
1617 1518 1652 1544 a.
1671 1505 1722 1544 94
1749 1515 1843 1543 con-

226 1570 348 1609 ditum
382 1575 450 1608 est.
504 1569 551 1607 In
585 1569 657 1607 hoc
691 1569 902 1607 certamine
937 1569 1038 1607 inter
1072 1568 1354 1619 quinquaginta
1387 1567 1482 1607 duos
1515 1570 1652 1618 poetas
1684 1577 1844 1618 graecos

227 1631 421 1683 Sulpicius
454 1631 685 1670 undenarius
702 1675 704 1677 ,
720 1644 816 1682 puer
848 1644 938 1670 suos
965 1643 1110 1677 versus,
1139 1631 1205 1680 qui
1231 1643 1350 1681 supra
1375 1629 1510 1681 scripti
1527 1635 1627 1677 sunt,
1653 1630 1844 1678 recitavit3

224 1707 303 1733 non
335 1694 481 1744 primas
517 1707 603 1732 eum
637 1693 777 1732 tulisse
811 1694 1021 1732 rectissime
1049 1693 1207 1731 Henzen
1234 1692 1289 1743 (p.
1314 1693 1401 1743 104)
1436 1705 1484 1730 ex
1522 1693 1651 1732 verbis
1677 1706 1758 1732 oum
1783 1695 1844 1733 710·

222 1769 318 1795 nore
344 1758 508 1795 discessit
532 1757 739 1804 conclusit3
781 1757 900 1795 immo
934 1757 977 1794 ob
1005 1763 1165 1794 teneram
1198 1761 1351 1793 aetatem
1385 1754 1553 1794 iudicum
1580 1755 1752 1795 favorem
1779 1770 1845 1796 ex-

225 1819 428 1867 citaverat,
471 1819 608 1870 patris,
638 1819 807 1858 hominis
842 1819 990 1867 liberti,
1031 1818 1322 1856 admirationem
1356 1818 1460 1867 quod
1488 1817 1668 1857 excitavit
1693 1819 1846 1870 ingenio

226 1893 318 1929 suo,
352 1881 448 1918 nihil
477 1882 635 1919 mirum:
679 1894 751 1920 nos
779 1882 875 1920 scire
901 1881 1011 1919 iuvat
1036 1893 1116 1919 non
1143 1891 1277 1918 omnes
1305 1886 1396 1918 tunc
1421 1892 1582 1931 graecas
1609 1881 1740 1920 Musas
1766 1886 1846 1923 tam

225 1944 365 1981 misere
390 1944 631 1982 balbutiisse.
653 1968 703 1973 —-
722 1945 870 1982 Versus
898 1957 946 1982 ex
972 1949 1144 1993 tempore
1171 1942 1265 1981 dicti
1302 1938 1450 1995 (καίριον
1475 1943 1500 1981 1.
1528 1955 1561 1981 e.
1586 1935 1627 1981 τό
1656 1942 1696 1982 ἐκ
1723 1947 1850 1995 καιροῦ

227 1998 318 2054 λεὙό
317 2007 439 2058 μενον)
474 2006 631 2044 infimae
666 2013 778 2045 notae
814 2010 903 2044 sunt
939 2007 1042 2055 quod
1076 2005 1204 2044 nescio
1232 2018 1281 2043 an
1309 2018 1421 2043 nemo
1449 2005 1587 2044 melius
1613 2000 1848 2056 persenserit

226 2081 343 2117 quam
373 2069 438 2117 qui
465 2069 763 2119 interpungendi
792 2081 932 2107 munus
960 2069 1181 2118 susceperit.
1220 2068 1325 2106 Idem
1346 2072 1614 2118 argumentum
1632 2068 1734 2107 haud
1753 2081 1848 2108 sane

226 2144 345 2169 suave
389 2130 605 2168 Lucianum
654 2132 882 2169 tractavisse
929 2132 1044 2180 (deor.
1093 2131 1183 2169 dial.
1227 2130 1362 2180 XXV)
1411 2131 1615 2168 adnotavit
1658 2130 1848 2181 Visconti,

226 2193 487 2241 tractavitque
530 2200 570 2230 ut
611 2207 684 2243 par
722 2198 782 2232 est
821 2194 956 2243 paullo
997 2193 1146 2230 melius.
1216 2192 1419 2241 Quaedam
1458 2196 1588 2230 tamen
1634 2206 1695 2232 res
1745 2194 1848 2244 apud

227 2261 432 2303 utrumque
458 2255 515 2292 ita
543 2256 768 2304 concinunt,
804 2263 845 2293 ut
881 2269 966 2294 cum
993 2255 1206 2292 Lucianum
1235 2266 1259 2291 a
1285 2265 1407 2303 puero
1434 2255 1614 2294 didicisse
1639 2255 1848 2298 ridiculum

227 2317 280 2355 sit
306 2316 462 2362 creditu,
491 2318 649 2367 vulgare
676 2319 747 2357 hoc
774 2325 811 2357 et
837 2319 875 2355 in
903 2319 1099 2356 rhetorum
1135 2316 1275 2354 scholis
1308 2317 1548 2355 decantatum
1581 2323 1849 2368 argumentum

227 2378 346 2416 fuisse
381 2385 530 2427 pateat3
559 2380 605 2419 cf.
638 2381 730 2420 Luc.
757 2384 769 2418 l
805 2375 976 2433 μειρακίῳ
1005 2373 1142 2431 ἀνοήτῳ
1170 2373 1370 2423 πιστεύσας
1397 2372 1438 2416 τδ
1467 2371 1571 2431 οἵρμα,
1597 2380 1683 2419 coll.
1705 2379 1846 2431 Sulpic.

228 2454 261 2479 v.
285 2441 306 2478 3
326 2453 397 2490 sq„
425 2440 516 2480 Luc.
547 2443 634 2480 ibid.
670 2438 730 2480 καὶ
766 2436 858 2488 ὅλως
896 2439 1014 2488 οὐδέν,
1048 2434 1101 2480 ἔτι
1136 2439 1174 2479 οὐ
1213 2434 1432 2493 ξυνετοίροιξε
1459 2435 1521 2479 καὶ
1548 2440 1705 2494 ξυνέχεε·
1733 2437 1794 2481 καὶ
1822 2440 1851 2481 εἰ

230 2519 280 2553 μη
310 2495 403 2550 ἔγω,
438 2498 551 2551 ξυνεις
578 2497 617 2541 τὸ
646 2498 865 2556 ὙιὙνᾶμενον,
900 2503 1107 2556 κοιτεβοιλον
1141 2497 1250 2542 αὐτον
1285 2506 1336 2556 τῷ
1373 2505 1536 2555 κεραυνῷ
1570 2501 1652 2543 ουδὲ
1679 2500 1849 2555 λείψανον

229 2559 428 2616 ἀνθρώπων
462 2564 640 2616 επέμεινεν
675 2561 716 2604 ἄν
752 2568 838 2606 coll,
875 2567 982 2617 Sulp.
1021 2580 1054 2605 v.
1079 2568 1119 2603 ll
1160 2573 1198 2605 et
1220 2567 1283 2613 18;
1326 2567 1489 2616 denique
1516 2566 1609 2605 Luc.
1629 2567 1651 2605 3
1680 2566 1715 2612 ἐς
1742 2564 1781 2605 δὲ
1806 2561 1847 2606 τὸ

227 2618 355 2674 λοιπον,
389 2619 427 2675 ἦν
473 2643 507 2665 τι
541 2643 658 2680 ομοιον
693 2622 973 2691 παρανομησης.
1016 2643 1178 2669 ,otu-nna
1211 2626 1284 2677 ειση
1320 2620 1446 2666 ὅπου-ον
1480 2630 1548 2666 τοῦ
1585 2642 1650 2667 σου
1686 2623 1792 2682 πυρος
1832 2628 1848 2668 ὃ

229 2702 397 2740 κεραυνος
433 2686 701 2742 πυρωδεστερος
738 2691 825 2728 coll.
862 2679 969 2741 Su‘lp.
1000 2703 1035 2729 v.
1056 2693 1106 2730 40
1133 2703 1216 2742 sqq.
1253 2678 1449 2740 Ovidium,
1477 2703 1590 2740 quem
1617 2703 1690 2729 nec
1718 2691 1849 2743 Sulpi-

228 2751 310 2788 cius
336 2750 527 2800 neglexit,
565 2753 717 2802 saepius
753 2754 925 2803 sequitur
951 2753 1157 2794 Lucianus.
1187 2776 1236 2782 —-
1264 2752 1427 2792 Numeri
1454 2753 1659 2792 admodum
1685 2753 1846 2803 celeres,

228 2812 371 2851 nullius
411 2826 544 2852 versus
584 2814 671 2864 plus
707 2815 785 2858 duo*
817 2815 974 2865 spondei
1012 2820 1122 2864 sunt,
1164 2816 1231 2866 qui
1265 2819 1325 2854 ter
1357 2815 1397 2854 in
1432 2815 1598 2854 secundo
1633 2821 1850 2867 quartoque

231 2876 284 2925 (v.
306 2875 342 2913 2.
371 2875 404 2914 5.
443 2876 524 2926 11),
551 2876 612 2915 bis
638 2877 677 2914 in
705 2877 871 2915 secundo
898 2878 1099 2927 tertioque,
1129 2878 1247 2916 semel
1273 2878 1314 2916 111
1331 2877 1459 2928 primo
1477 2882 1702 2928 quartoque,
1731 2889 1851 2926 semel

230 2937 403 2988 denique
431 2939 470 2990 in
499 2938 625 2995 primo
651 2940 898 2994 secund-oque
923 2940 1020 2989 pede
1046 2940 1292 2979 inveniuntur
1298 2954 1309 2988 3
1338 2939 1513 2995 spondeis
1539 2946 1670 2980 carent
1696 2941 1858 2989 0111111110(
