1982 3256
635 208 662 243 Ι.
698 207 842 243 termini
865 207 1023 243 aedificia
1046 209 1162 243 fontes
1190 210 1328 253 pontes.
1714 208 1798 252 469

156 319 369 366 {metusne
394 321 651 373 probabiliter
679 320 825 360 statuit.
845 343 892 349 —
907 320 955 359 27
978 316 1164 370 σεληναίης
1198 315 1335 366 κιῖκλος
1374 319 1537 372 [αἴγλης]
1572 320 1803 369 Salmasius,

163 382 507 434 αὐγῆςνὶεοοιιιί,
547 383 730 432 idemque
757 397 792 421 v.
809 382 858 422 28
887 374 967 422 πότ’
995 384 1158 430 invenit3
1196 385 1366 423 traditur
1393 395 1443 424 nc
1462 413 1471 423 .
1494 414 1503 423 .
1535 406 1582 413 —-
1613 383 1661 422 29
1691 384 1804 422 lectio

163 448 330 495 ineerta3
358 451 531 486 extrema
557 446 614 484 sio
641 446 722 483 fere
740 458 873 484 omnes
891 446 1067 497 legerunt
1086 458 1434 487 ΗΓεΝεεεειΓεΡΑΑ.
1477 444 1524 486 In
1542 447 1673 498 priore
1691 452 1804 498 parte

162 518 302 550 versus
326 513 420 561 post
444 521 587 548 nonam
615 508 696 546 fere
722 508 892 547 litteram
921 508 1139 550 Salmasius
1167 523 1216 548 ex
1246 509 1443 550 Sirmondi
1472 509 1699 561 apographo
1733 510 1802 549 ha-

161 573 246 630 buit
260 584 330 623 ΑΥ,
347 573 455 624 quod
475 571 510 611 si
528 571 779 626 conposueris
799 584 887 610 oum
905 572 1124 611 litterarum
1143 573 1320 624 vestigiis
1347 584 1398 612 vc
1417 586 1518 624 quae
1536 573 1715 612 Visconti
1734 574 1802 612 ad—

160 637 343 689 gnovisse
358 636 432 676 sibi
445 635 552 674 visus
565 637 638 683 est,
666 647 744 673 non
758 635 876 673 modo
890 638 1056 685 speciosa
1069 636 1137 674 sed
1154 648 1275 686 paene
1291 637 1507 676 necessaria
1521 636 1656 676 evadit
1671 649 1801 675 emen-

161 699 269 739 datio
283 693 476 744 Αὖσονίοις
488 697 551 736 vel
565 692 764 745 Αὐσονίων,
783 697 891 736 velut
909 697 1122 737 Salmasius
1143 692 1336 751 σύμβολον
1354 698 1414 738 Ad
1421 694 1581 739 σονίοισιν
1597 697 1802 747 ἐυγενέεο-σι

159 753 313 815 γεραιᾶν,
341 760 523 801 Visoonti
547 754 666 799 ὑιοίσ-ιν
684 755 872 799 Αὐσονίων
900 759 1127 810 εὖηγενέεσ-σι
1154 763 1286 812 γεροῒα,
1315 761 1454 800 Iacobs
1474 770 1542 800 aut
1562 761 1802 802 Salmasium

161 824 274 876 sequi
301 823 439 873 voluit,
466 824 543 863 nisi
571 823 674 875 quod
704 823 738 867 γ’
766 816 905 876 ἐραννέν
933 823 1101 874 scripsit,
1131 828 1199 862 aut
1226 817 1264 869 ὃς
1284 821 1327 863 δέ
1351 840 1410 863 κεν
1430 819 1618 870 Αὐσονίοις
1639 823 1801 874 εὐηγενέ-

161 901 243 928 εσυ-ι
257 881 448 961 Jepaoero‘g
482 887 729 927 scribendum
763 886 927 937 putavit.
981 885 1109 925 Franz
1144 887 1309 937 denique
1343 889 1448 938 quod
1481 888 1617 939 posui3
1658 886 1801 941 γέρατα

162 943 294 992 neseio
319 964 369 990 an
398 963 532 990 verum
558 949 620 999 sit,
649 950 696 988 cf.
727 949 850 1000 Orph.
879 949 924 989 fr.
948 948 1007 987 VI
1027 949 1075 987 24
1105 941 1170 988 ὣιό
1197 944 1354 1003 χρύσεια
1381 950 1534 1004 κέρατα.
1551 973 1599 980 —-
1617 952 1667 990 30
1681 964 1799 1002 quae-

160 1005 275 1054 eitius
300 1014 398 1053 haee
424 1014 550 1062 diota,
584 1025 702 1063 neque
731 1025 829 1060 eum,
862 1025 992 1062 spero,
1030 1018 1137 1050 tusca
1166 1013 1416 1052 calceamenta
1446 1016 1514 1065 (cs.
1543 1014 1650 1055 Serv.
1687 1015 1797 1066 Verq-

159 1077 254 1117 Aen.
274 1077 381 1117 VIII
401 1078 504 1127 458)
533 1083 720 1126 respuent,
751 1076 854 1126 quod
877 1088 952 1114 non
979 1078 1028 1114 sit
1054 1076 1262 1114 Romanus.
1279 1099 1329 1105 —
1347 1077 1391 1115 31
1410 1088 1534 1116 τεΡΑε
1549 1101 1599 1106 -
1613 1078 1663 1116 32
1678 1078 1797 1117 Paus.

157 1139 180 1180 I
207 1140 270 1190 38,
286 1140 309 1178 3
336 1139 466 1194 Κῆρυξ
491 1133 528 1179 ἓν
556 1133 663 1178 αὐτοὶ
688 1132 854 1192 Κήρυκες
891 1131 1079 1190 θυγατρός
1105 1138 1289 1191 Κέκροπος
1311 1131 1531 1192 Ἀγλαιίρου
1570 1135 1631 1179 καὶ
1654 1139 1799 1194 Ἑρμοῦ

159 1197 276 1244 παῖδα
303 1199 389 1242 εἶναι
415 1202 596 1253 λέγουσιν,
624 1200 710 1242 ἀλλ’
739 1200 806 1240 οὐκ
831 1194 1051 1254 Εὐμόλπου.
1094 1201 1177 1239 Alii
1202 1201 1453 1242 Pandrosum
1482 1208 1647 1243 matrem
1674 1204 1796 1244 tradi-

161 1266 315 1314 derunt,
342 1265 443 1305 Poll.
471 1265 570 1304 VIII
603 1266 685 1303 103.
713 1287 764 1293 —
793 1264 841 1303 33
871 1275 1001 1302 KHPYx
1027 1286 1078 1292 —
1107 1264 1158 1302 34
1185 1264 1280 1304 haec
1306 1266 1340 1304 si
1366 1266 1412 1303 de
1431 1266 1591 1306 Herode
1617 1268 1705 1318 ipso
1731 1280 1797 1306 ac-

158 1329 340 1381 cipienda
366 1332 479 1378 sunt,
516 1341 593 1367 non
621 1328 671 1368 de
697 1327 780 1366 filio
809 1327 953 1376 Attico,
982 1327 1108 1367 lenius
1136 1342 1171 1368 v,
1194 1329 1243 1367 35
1271 1335 1359 1379 post
1387 1325 1484 1381 ἕδραι
1510 1328 1730 1381 distingues
1757 1334 1797 1369 et

159 1392 217 1432 sie
241 1392 562 1443 interpretaberis
585 1397 786 1442 propterea
817 1391 870 1440 (et
895 1391 1060 1441 Romae)
1089 1393 1292 1430 honoratus
1311 1394 1391 1440 fuit
1427 1404 1673 1442 eponymoque
1707 1402 1794 1431 con-

158 1455 251 1494 culis
277 1466 425 1494 munere
441 1455 689 1506 sunqebatur,
721 1466 799 1503 qua
825 1466 866 1492 re
891 1456 931 1492 in
952 1457 1083 1504 prima
1110 1455 1247 1492 domini
1273 1461 1420 1493 senatus
1451 1454 1580 1504 (Mart.
1603 1454 1717 1503 XVI,
1749 1455 1788 1506 1)

157 1517 334 1558 eabeollia
361 1523 503 1557 evectus
531 1524 594 1566 est,
620 1530 736 1568 neque
764 1518 872 1567 apud
900 1516 1067 1556 Graecos
1095 1520 1291 1568 quisquam
1317 1524 1386 1555 aut
1408 1529 1539 1567 qenere
1565 1524 1631 1555 aut
1649 1519 1792 1567 facun-

157 1582 223 1621 dia
246 1582 410 1633 reqalior
435 1587 527 1621 erat.
581 1580 760 1619 Herodes
788 1580 922 1619 consul
951 1582 1101 1628 a.143;
1125 1575 1512 1656 ‘Eun‘vwvu‘ykffirwv
1538 1574 1600 1619 καὶ
1629 1580 1792 1631 βασιλέα

103 1645 106 1649 ’
157 1637 289 1699 λέγων
302 1644 431 1684 Rufus
457 1643 672 1695 discipulus
700 1657 788 1683 eum
814 1644 1121 1695 praedicaverat.
1143 1666 1194 1672 —
1223 1644 1272 1683 36
1293 1658 1379 1682 ουτε
1406 1658 1440 1682 τι
1468 1635 1587 1695 φωνην
1613 1649 1657 1680 ut
1683 1656 1719 1682 v.
1739 1645 1790 1682 44

157 1700 243 1748 οὔτε
267 1723 305 1748 τι
331 1699 490 1761 πίμβον.
518 1728 571 1736 -
599 1707 648 1746 38
676 1707 726 1745 ad
752 1706 948 1758 Regillam
976 1707 1076 1745 redit
1102 1707 1246 1755 oratio,
1282 1705 1471 1746 ef.11.V
1499 1705 1574 1744 229
1602 1697 1790 1757 Δοίρδανος

155 1785 206 1811 αυ
233 1769 359 1812 τέκεθ’
391 1765 466 1810 υἱον
486 1761 707 1823 Ἐριχθόνιον
741 1769 928 1822 βασιλῆα,
962 1769 1039 1809 230
1075 1771 1186 1842 Τρωα
1222 1767 1255 1808 δ’
1277 1759 1497 1821 Ἐριχθονιος
1531 1767 1656 1807 τεκετο
1685 1758 1787 1821 Τρω-

155 1847 254 1874 εστιν
280 1826 438 1874 ivan-ra·
466 1825 589 1886 Τρωος
616 1830 651 1872 δ’
679 1847 727 1871 αυ
755 1846 849 1885 τρεις
877 1829 1003 1878 παιὸες
1031 1826 1222 1884 ἀμύμονες
1249 1830 1448 1880 ἐξεγένοντο
1466 1822 1566 1877 Ῑλος
1591 1832 1625 1870 τ’
1637 1823 1788 1870 Ἀσσα-

153 1887 263 1972 pauo&
288 1910 332 1935 τε
357 1890 420 1936 καὶ
447 1891 610 1942 ἀντίθεος
635 1890 868 1949 Γανυμήῶης,
897 1895 973 1935 239
996 1889 1237 1948 Ἀο-ο-οίρακος
1265 1890 1304 1932 δὲ
1329 1886 1462 1933 Κοίπυν
1496 1891 1669 1945 (ἔτεκεν),
1703 1891 1719 1932 ὃ
1756 1891 1789 1932 δ’

154 1949 212 2012 αρ’
233 1953 420 2012 Ἀγχίσην
435 1958 521 1999 τέκε
556 1955 690 2008 παῖδα,
724 1952 845 2012 αυτοὶρ
882 1956 941 2011 ἔμ’
968 1954 1154 2011 Ἀγχίσης
1182 1961 1276 1996 sunt
1307 1957 1440 1995 omnia
1467 1958 1624 1996 Aeneae
1657 1958 1787 1998 verba.

154 2021 301 2072 Quidni
327 2021 447 2062 altius
474 2021 594 2062 etiam
621 2022 756 2061 uxoris
794 2021 982 2073 originem
1015 2020 1217 2072 repetierit
1242 2019 1417 2061 Herodes
1450 2020 1586 2059 eodem
1614 2020 1787 2059 Homero

152 2085 252 2128 duee
285 2084 392 2137 (ibid.
421 2084 516 2136 215)
544 2077 732 2138 Δοίρὸανον
759 2079 814 2124 αὖ
838 2087 976 2138 πρῶτον
1003 2083 1130 2123 τέκετο
1158 2082 1424 2136 νεφεληγερέτα
1452 2074 1557 2132 Ζειίς,
1585 2083 1691 2121 haud
1717 2084 1784 2122 ob-

152 2158 307 2187 seuram
332 2153 412 2196 est,
451 2147 578 2187 noluit
604 2148 707 2187 enim
735 2161 822 2187 cum
847 2149 936 2199 ipso
964 2148 1186 2198 inperatore
1212 2146 1451 2194 contendere,
1487 2146 1554 2196 qui
1582 2139 1641 2184 Διὶ
1676 2140 1785 2198 πατρὶ

153 2202 249 2264 ᾡυην
275 2204 338 2250 καὶ
364 2212 473 2264 μῆτιν
506 2207 624 2250 ἔοικεν.
651 2233 702 2240 --
730 2209 820 2249 4οἷ
845 2224 917 2261 pro
955 2207 983 2248 εἰ
1020 2209 1205 2260 scriptum
1237 2209 1399 2255 retinui,
1445 2220 1685 2259 quamquam
1717 2208 1784 2247 vix

151 2273 310 2313 dubim
336 2279 394 2313 est
427 2274 523 2326 quin
558 2274 752 2324 lapidario
779 2274 966 2313 debeatur
1000 2279 1039 2311 et
1071 2272 1145 2310 hoe
1179 2275 1220 2310 et
1247 2268 1389 2311 σία-αισα.
1415 2286 1452 2311 v
1473 2272 1534 2310 75.
1563 2293 1610 2301 —
1640 2271 1783 2322 Aptius

152 2336 358 2381 videbatur
383 2333 412 2376 εἷ
439 2332 583 2390 φίλον*
573 2329 646 2389 ιεροὶ
673 2334 777 2388 ῥέξαι
803 2336 1055 2387 coniungere3
1083 2335 1411 2386 interpunxerunt
1436 2338 1527 2386 post
1554 2331 1582 2372 εἷ
1601 2329 1782 2385 φίλον.-

150 2397 202 2438 42
216 2409 369 2439 emero!
395 2401 566 2448 correxi3
593 2399 734 2450 reliqui
762 2411 863 2450 quae
890 2399 1138 2438 coniecerunt
1164 2398 1320 2450 probari
1346 2401 1550 2448 nequeunt.
1567 2418 1614 2425 —-
1631 2397 1680 2434 43
1696 2409 1782 2435 eae-

150 2475 244 2502 sura
269 2460 370 2502 narei
396 2462 570 2516 τέταρτον
597 2461 765 2515 τροχαῖον
799 2468 836 2500 et
870 2462 933 2500 hio
965 2468 1004 2500 et
1030 2475 1066 2500 v.
1086 2462 1137 2499 45
1172 2462 1221 2500 ab
1256 2461 1458 2512 anaphora
1489 2459 1782 2499 excusationem

150 2524 280 2565 habet.
294 2548 346 2555 —
359 2526 410 2566 46
425 2537 511 2564 ΜΕΝ
538 2525 653 2576 lapis,
683 2522 726 2563 δέ
748 2524 881 2564 Herm.
907 2525 1022 2574 Orph.
1050 2538 1088 2575 p.
1109 2525 1204 2572 7383
1232 2523 1377 2562 erravit
1401 2523 1574 2574 lapicida
1598 2522 1781 2572 proximo

149 2599 265 2627 versu
291 2583 481 2639 inductus,
511 2603 629 2642 σωμα
655 2587 841 2626 nimirum
869 2591 908 2626 et
934 2580 1063 2640 ψυχήν
1089 2588 1190 2626 inter
1217 2600 1258 2626 se
1285 2586 1430 2638 opponi
1456 2593 1579 2626 ratus.
1598 2607 1650 2614 —
1673 2599 1779 2638 σημα

149 2656 211 2690 est
227 2650 393 2700 Odeum,
420 2652 467 2692 cf.
490 2651 674 2690 Philostr.
701 2653 762 2690 vit.
791 2650 934 2688 Herod.
953 2663 993 2701 p.
1014 2650 1086 2689 551
1117 2647 1271 2699 ἀνέθηκε
1299 2646 1338 2687 δὲ
1364 2643 1426 2688 καὶ
1452 2663 1492 2688 το
1522 2643 1578 2688 ἐπι
1600 2642 1776 2710 Ῥηγίλλῃ

148 2708 304 2766 θέατρον
337 2713 423 2754 ooll.
460 2713 576 2753 Paus.
612 2713 689 2752 VII
723 2714 785 2762 20,
802 2716 837 2751 6.
866 2734 912 2741 -
950 2713 1001 2752 49
1034 2713 1120 2764 agri
1152 2721 1243 2752 sunt
1275 2726 1323 2752 ex
1355 2711 1532 2763 Regillae
1563 2711 1778 2750 hereditate

149 2775 334 2828 adqmsiti
351 2771 449 2816 coll.
479 2776 522 2816 C.
552 2777 582 2817 Ι.
611 2777 713 2817 6184
734 2773 860 2815 Ἀννια
883 2767 1067 2825 Ρηγιλλα
1095 2806 1104 2817 .
1134 2806 1144 2816 .
1170 2805 1180 2815 .
1210 2773 1299 2821 τίνος
1326 2777 1453 2814 ταῦτα
1486 2766 1536 2813 τοὶ
1568 2768 1686 2826 χωρία
1712 2772 1774 2822 γέ-

147 2839 268 2889 γοναν.
280 2862 332 2869 -
346 2839 397 2879 50
411 2832 610 2889 ἐλαιῆεντες
639 2831 788 2893 ἰίρουραι
813 2853 849 2880 v.
869 2839 919 2879 de
944 2839 1017 2878 hae
1042 2851 1227 2891 generum
1252 2838 1294 2879 in
1320 2836 1523 2878 adjectivis
1550 2836 1775 2876 confusione
