1982 3256
327 294 375 324 V1
1026 278 1206 324 praefatio.

325 395 457 433 codice
484 393 658 432 Palatino
685 405 741 431 v11
770 392 985 430 327—340
1021 383 1116 442 παρὰ
1155 393 1222 429 τοῦ
1258 386 1463 442 μακαρίτου
1498 382 1690 440 Γρηγορίου
1725 385 1935 438 Κοιμψικοῦ

327 462 520 512 descripta
545 462 723 511 leguntur
750 473 895 510 quaeve
925 472 1010 496 cum
1039 458 1103 497 alii
1131 458 1337 507 scriptores
1365 464 1447 495 tum
1465 455 1679 495 Pausanias
1697 467 1745 493 ex
1764 454 1934 504 periege-

329 535 454 568 tarum
481 530 557 567 fide
583 529 685 566 haud
713 527 892 578 ambigua
919 527 1074 565 rettulit.
1130 525 1239 574 Quae
1267 525 1398 563 omnia
1424 537 1501 562 una
1527 536 1613 561 cum
1632 521 1799 561 oraculis
1824 520 1932 560 aliis-

329 610 402 647 que
429 597 615 635 similibus
641 595 953 646 inscriptionibus
977 594 1154 645 genuinis
1173 593 1358 643 singulari
1377 591 1586 642 aliquando
1605 590 1705 629 libro
1725 587 1936 640 conplexus

329 666 450 712 edam,
478 677 600 714 neque
628 663 753 701 minus
781 675 879 712 quae
905 668 1058 700 nostrae
1085 661 1223 699 aetatis
1251 660 1502 711 antiquitates
1529 657 1791 708 investigandi
1823 656 1936 695 sedu-

329 733 416 770 litas
450 732 742 782 reperiendique
773 731 936 768 felicitas
971 741 1073 767 nova
1111 728 1318 779 protulerit
1358 726 1548 777 conligere
1587 729 1628 764 et
1666 737 1715 764 ex
1755 723 1938 763 instituto

330 799 492 838 consilio
518 803 684 837 tractare
710 810 878 848 pergam.

432 867 582 905 Inedita
608 867 710 904 haud
736 866 792 903 ita
819 866 941 903 multa
975 864 1069 902 mihi
1103 868 1257 914 praesto
1290 863 1410 902 fuisse
1445 862 1726 913 epigrammata
1757 860 1844 910 ipsa
1876 870 1940 897 res

331 936 431 973 tulit.
485 934 590 972 Nam
618 934 689 972 etsi
715 933 925 971 amicorum
954 932 1324 982 auxilio'nunquam
1351 931 1556 969 destitutus
1590 928 1826 979 accipiebam
1861 926 1941 965 fere

332 1016 430 1053 quae
465 1003 545 1040 sive
572 1003 722 1040 Romae
756 1005 796 1038 et
822 1000 987 1038 Athenis
1021 1000 1102 1037 sive
1138 1000 1178 1037 in
1216 999 1303 1037 aliis
1331 998 1518 1038 Graeciae
1545 997 1732 1036 Italiaeve
1765 995 1940 1046 partibus

332 1071 630 1121 reperiebantur,
671 1074 797 1106 tamen
837 1068 1001 1106 feliciter
1039 1067 1184 1105 factum
1225 1072 1283 1104 est
1322 1072 1365 1104 ut
1405 1069 1598 1104 nostrates
1638 1076 1740 1114 quae
1779 1062 1940 1101 alicuius
1956 1066 1973 1082 ’-

333 1143 460 1177 essent
485 1137 671 1175 momenti
699 1137 749 1175 ad
777 1141 945 1174 veterum
973 1147 1035 1173 res
1062 1135 1291 1184 litterasque
1317 1133 1603 1184 cognoscendas
1630 1144 1747 1183 quam
1773 1130 1941 1182 primum

333 1206 415 1244 fieri
442 1209 575 1256 posset
601 1205 714 1242 edere
741 1203 971 1241 consuerint.
1028 1203 1129 1242 Sunt
1155 1214 1246 1240 vero
1276 1214 1375 1251 quae
1400 1201 1552 1252 primus
1578 1212 1649 1251 ego
1675 1198 1840 1251 prodam
1858 1197 1941 1236 sive

333 1287 356 1311 a
382 1286 443 1311 me
470 1274 554 1323 ipso
582 1272 674 1309 olim
702 1271 898 1321 descripta
925 1271 1006 1309 sive
1033 1271 1198 1308 aliorum
1226 1269 1411 1308 beneficio
1438 1269 1579 1308 debita.

435 1339 643 1378 Difficilius
693 1345 773 1377 erat
822 1339 996 1376 conlecta
1045 1338 1249 1388 generibus
1299 1337 1508 1375 inlustrare
1551 1335 1810 1385 partibusque
1853 1336 1944 1384 apte

334 1408 548 1446 discribere.
595 1407 692 1446 Cum
720 1406 821 1444 enim
848 1406 887 1443 in
915 1419 1032 1444 unum
1061 1405 1403 1455 conprehendenda
1429 1410 1558 1443 essent
1583 1416 1682 1454 quae
1707 1403 1840 1441 decem
1866 1401 1947 1439 fere

334 1475 577 1513 saeculorum
606 1474 732 1524 spatio
760 1474 800 1511 in
828 1474 1005 1512 omnibus
1032 1473 1111 1511 fere
1137 1474 1243 1511 orbis
1270 1479 1459 1511 terrarum
1485 1471 1679 1522 partibus,
1706 1469 1773 1509 ubi
1791 1469 1948 1520 quidem

335 1555 460 1581 sermo
480 1554 639 1592 graecus
660 1542 815 1591 vigeret,
843 1541 1038 1590 lapidibus
1056 1541 1240 1578 mandata
1258 1546 1398 1589 essent,
1425 1553 1504 1578 non
1523 1553 1544 1577 e
1561 1552 1603 1589 re
1621 1539 1704 1577 fore
1728 1537 1948 1591 arbitrabar

335 1611 379 1658 si,
407 1610 509 1659 quod
535 1616 636 1647 recte
665 1609 808 1647 faciunt
835 1609 899 1658 qui
926 1608 1222 1657 Inscriptionum
1251 1608 1424 1658 Corpora
1450 1608 1632 1654 condunt,
1669 1619 1718 1645 ex
1744 1605 1828 1644 solo
1860 1616 1948 1655 geo-

335 1677 519 1728 graphico
548 1678 613 1726 qui
641 1677 779 1715 dicitur
806 1677 939 1714 ordine
965 1676 1248 1726 epigrammata
1275 1676 1501 1727 digererem,
1528 1687 1605 1725 qua
1631 1674 1780 1714 scilicet
1802 1686 1845 1712 re
1863 1685 1948 1711 sae·

334 1745 422 1794 pius
441 1745 749 1794 disiungerentur
768 1757 866 1793 quae
883 1744 1076 1793 iungenda
1094 1750 1202 1781 erant
1227 1744 1456 1793 diversaque
1474 1743 1590 1793 plane
1614 1741 1947 1789 conmiscerentur,

335 1813 401 1850 sed
420 1813 527 1850 varia
544 1816 857 1862 argumentorum
875 1824 1016 1862 genera
1033 1811 1312 1862 distinguenda,
1332 1817 1532 1861 praeterea
1545 1817 1762 1860 temporum
1777 1809 1949 1847 locorum

335 1881 477 1930 ingenii
515 1879 740 1929 disciplinae
779 1880 875 1917 artis
916 1879 1012 1917 ratio
1059 1879 1237 1918 habenda
1283 1883 1376 1918 erat.
1444 1877 1608 1917 Meliora
1661 1877 1763 1916 enim
1811 1881 1948 1926 quarto

335 1961 369 1986 a.
400 1947 487 1986 Chr.
516 1960 552 1985 n.
581 1959 697 1996 quam
724 1947 836 1983 tertio
862 1960 899 1997 p.
930 1946 1020 1985 Chr.
1049 1959 1084 1983 n.
1114 1947 1266 1984 saeculo
1299 1946 1542 1995 proveniunt,
1576 1944 1742 1983 meliora
1780 1943 1949 1993 plerum-

337 2027 410 2064 que
452 2014 615 2051 Athenis
659 2027 774 2063 quam
815 2014 917 2063 apud
953 2014 1184 2052 Macedones
1220 2013 1429 2063 Syrosque‚
1474 2013 1611 2051 melius
1648 2011 1789 2051 Graeci
1828 2023 1947 2061 quam

336 2082 491 2119 barbari
518 2082 640 2119 cultae
668 2081 820 2130 linguae
849 2093 934 2118 sero
950 2109 954 2112 ⁴
968 2081 1116 2118 adsueti
1148 2081 1336 2129 locuntur,
1371 2085 1409 2119 et
1443 2080 1547 2130 quod
1579 2080 1853 2130 gravissimum
1889 2082 1949 2118 est

339 2149 380 2186 in
407 2149 521 2186 certis
550 2148 778 2197 quibusdam
812 2148 1024 2186 civitatibus
1056 2149 1342 2198 provinciisque
1376 2152 1522 2187 certum
1566 2148 1761 2198 quoddam
1798 2147 1951 2186 dicendi

341 2215 603 2264 sentiendique
630 2227 751 2265 genus
780 2215 946 2253 florebat
973 2217 1308 2266 exercebaturque,
1337 2229 1436 2266 quae
1462 2227 1597 2254 omnes
1622 2229 1696 2264 res,
1731 2216 1764 2254 si
1798 2215 1951 2266 quidem

340 2283 423 2333 ipse
451 2283 543 2319 mihi
571 2288 749 2320 constare
777 2283 892 2330 volui,
920 2283 959 2320 in
986 2295 1142 2321 censum
1169 2284 1230 2322 vel
1263 2284 1431 2322 maxime
1465 2290 1573 2322 erant
1605 2284 1818 2324 vocandae.
1871 2283 1951 2322 Ita-

342 2357 417 2399 que
443 2357 484 2387 ut
510 2350 558 2388 de
586 2350 864 2400 sepulcralibus
891 2351 1058 2400 primum
1085 2351 1208 2389 dicam
1234 2350 1360 2390 titulis
1387 2352 1555 2402 primam
1573 2357 1724 2402 partem
1742 2352 1950 2390 atticorum

341 2418 427 2465 feci,
455 2418 509 2454 ita
535 2421 665 2455 tamen
693 2421 734 2455 ut
762 2429 860 2468 quae
887 2431 1043 2468 graecae
1069 2423 1197 2457 essent
1223 2419 1362 2457 aetatis
1390 2432 1566 2469 quaeque
1583 2431 1833 2458 romanorum
1853 2425 1949 2458 tem-

342 2497 477 2534 porum
506 2497 588 2523 esse
618 2486 836 2523 viderentur
869 2498 1113 2524 secernerem.
1167 2485 1355 2526 Subiunxi
1387 2487 1603 2526 insularum
1632 2488 1826 2538 Asiaeque
1868 2486 1949 2537 epi-

343 2557 571 2601 grammata,
600 2553 638 2590 in
667 2553 806 2602 quibus
834 2553 972 2592 indolis
999 2566 1158 2603 graecae
1186 2554 1267 2592 sive
1293 2555 1416 2593 mavis
1444 2555 1541 2594 artis
1576 2555 1848 2595 alexandrinae
1866 2555 1950 2594 lon·
1975 2603 1977 2606 Α

343 2620 497 2670 gissime
524 2625 657 2669 patent
684 2621 844 2671 vestigia
871 2627 908 2658 et
935 2621 1091 2659 fructus.
1149 2620 1228 2661 Sed
1258 2623 1468 2662 earundem
1493 2624 1692 2675 regionum
1719 2634 1804 2661 cum
1838 2622 1952 2673 longe

344 2687 466 2724 maior
492 2700 582 2736 pars
609 2688 833 2726 inferiorum
860 2695 960 2726 esset
986 2695 1202 2738 temporum
1233 2696 1269 2728 et
1304 2690 1503 2730 hominum
1535 2679 1791 2738 incuhiorum,
1825 2691 1953 2740 priore

343 2755 430 2792 loco
457 2756 568 2803 posui
594 2756 763 2793 melioris
790 2762 904 2793 notae
931 2756 1223 2805 epigrammata,
1251 2758 1371 2796 altero
1398 2759 1636 2809 reliquorum
1661 2757 1951 2797 multitudinem

345 2822 469 2866 adieci
496 2823 781 2878 provinciarum
808 2824 888 2863 fere
914 2823 1084 2863 ordinem
1121 2829 1290 2864 secutus:
1332 2837 1423 2865 nam
1468 2827 1510 2867 in
1551 2838 1669 2867 unum
1709 2825 1952 2879 conponendi
